3059 5250
1670 480 1871 555 ¹2.

739 658 1071 723 Mentionem
1139 673 1314 735 supra
1378 655 1539 734 injeci
1606 671 1779 717 urnae
1844 646 2073 717 Atticae'
2124 652 2459 733 sepulcralis
2546 649 2877 713 nominibus
2994 668 3015 695 ⁴

572 754 898 845 Balneum
943 754 1248 844 Χαιρέας
1294 750 1652 842 Ὀνήσιμος
1706 757 2023 835 inscriptae.
2068 755 2215 821 Nihil
2260 771 2395 819 esse
2440 753 2675 817 vidimus
2720 754 2875 830 quod

573 866 768 942 cogat,
836 864 896 927 ut
943 861 1201 925 seminam
1249 860 1530 923 sedentem
1578 876 1771 923 eorum
1814 860 1905 936 qui
1950 859 2021 922 ibi
2068 860 2233 923 efficti
2276 860 2411 921 suut
2454 856 2639 919 solam
2685 855 2878 917 fuisse

569 964 842 1028 mortuam
910 965 1173 1043 putemus
1237 978 1306 1025 eo
1372 964 1619 1041 tempore
1684 978 1793 1040 quo
1859 962 1997 1025 haec
2052 976 2193 1024 urna
2247 958 2693 1039 exsculperetur:
2736 957 2878 1052 quid

569 1064 716 1141 quod
761 1066 832 1129 ad
879 1067 988 1128 veri
1041 1063 1450 1128 similitudinem
1493 1065 1695 1139 adduci
1741 1079 1915 1144 posse
1958 1066 2121 1143 puto,
2186 1064 2331 1126 hanc
2386 1078 2496 1125 non
2542 1064 2673 1123 ante
2718 1058 2875 1121 duos

568 1167 698 1231 illos
743 1168 892 1230 viros
936 1183 968 1229 e
1013 1168 1122 1231 vita
1161 1163 1530 1255 decessisse?
1616 1166 1825 1229 Dicitur
1868 1166 2012 1229 euim
2057 1182 2094 1229 a
2136 1164 2417 1228 Boeckhio
2460 1162 2557 1239 (C.
2588 1161 2640 1225 J.
2674 1157 2872 1238 1021)

567 1269 798 1330 Athenis
861 1268 1013 1347 apud
1077 1273 1383 1333 matronam
1429 1269 1697 1333 Gallicam
1755 1269 1985 1332 Messon
2052 1268 2317 1332 oolumna
2382 1271 2602 1329 exstare
2668 1264 2868 1327 iisdem

569 1370 833 1449 inscripta
873 1371 1192 1435 nominibus
1237 1373 1313 1435 ita
1355 1375 1416 1435 ut
1457 1371 1609 1435 aliud
1652 1370 1761 1434 sub
1802 1371 1915 1434 alio
1958 1370 2201 1449 positum
2248 1370 2321 1431 sit
2362 1370 2469 1433 hoc
2492 1368 2716 1431 ordine:
2750 1366 2866 1444 (ed.

566 1470 851 1548 Pouquev.
902 1471 1039 1535 ltim.
1084 1472 1157 1537 T.
1203 1472 1288 1537 lV.
1337 1490 1394 1553 p.
1426 1470 1567 1537 103.
1611 1490 1668 1536 n.
1702 1469 1833 1551 11).

1370 1626 1785 1689 ΧΑΙΡΙΑΣ
1824 1626 1962 1703 (sic)
1998 1630 2014 1663 ¹
2038 1626 2100 1701 ³)

1369 1728 1428 1790 Ε
1439 1731 1553 1789 ῩΚ
1566 1727 1880 1792 ΟΛΙΝΗ

1353 1828 1747 1932 ,ΟΝῌΣΙΜ
1761 1828 1889 1894 ΟΣ.

741 1984 896 2061 Quae
959 1986 1219 2048 columna
1281 1985 1412 2062 quin
1469 1984 1747 2049 communi
1804 1982 2063 2064 sepulcro
2117 1984 2313 2047 horum
2376 1985 2542 2049 trium
2610 1984 2871 2063 imposita

569 2090 731 2152 merit
773 2104 884 2151 nou
931 2087 1291 2152 dubitandum
1335 2088 1451 2149 est:
1495 2103 1671 2166 super
1712 2086 1819 2149 hac
1862 2104 2059 2150 urnam
2104 2088 2334 2151 stetisse
2378 2085 2635 2165 conjicio.
2769 2084 2867 2148 Sin

565 2192 750 2253 autem
795 2191 850 2250 in
894 2189 1053 2251 titulo
1097 2187 1419 2267 sepulcrali-
1440 2189 1603 2265 plura
1642 2190 1871 2252 nomina
1914 2190 1989 2251 ita
2030 2191 2235 2269 scripta
2278 2190 2429 2265 sunt,
2472 2192 2533 2251 ut
2574 2187 2729 2251 aliud
2767 2202 2867 2266 po-

567 2291 740 2353 situm
785 2289 860 2351 sit
901 2288 1012 2353 sub
1055 2290 1197 2364 alio,
1262 2289 1316 2351 id
1371 2291 1520 2368 quod
1564 2290 1741 2371 primo
1784 2307 1949 2354 versu
1990 2293 2259 2370 seriptum
2300 2292 2421 2369 est,
2486 2305 2689 2353 nomen
2736 2304 2871 2351 esse

567 2392 694 2470 ejus
739 2392 832 2468 qui
877 2392 1090 2469 primus
1131 2390 1293 2466 obiit,
1359 2392 1484 2471 ipsa
1529 2410 1622 2455 res
1666 2394 1768 2457 sert
1800 2397 1926 2472 ¹⁴).
2012 2391 2067 2455 ls
2110 2396 2201 2461 est
2240 2390 2570 2476 Χαιρέας,
2622 2392 2870 2455 ceterum

567 2495 844 2558 maximus
899 2496 1034 2557 natu
1101 2494 1260 2557 trium
1307 2498 1702 2575 cognatorum,
1746 2509 1977 2571 quorum
2024 2494 2327 2557 simulacra
2371 2496 2423 2556 in
2468 2508 2603 2557 vase
2646 2492 2869 2555 caelata

567 2597 717 2660 suut.
803 2596 872 2659 At
913 2595 1196 2660 Chaereas
1242 2596 1486 2662 sortasse
1529 2600 1691 2662 vivus
1738 2596 1843 2661 hoe
1888 2594 2209 2676 sepulcrum
2252 2597 2521 2660 exstruxit
2552 2610 2869 2673 nomenque

564 2699 872 2777 inscripsit3
936 2699 1065 2762 huie
1127 2699 1292 2778 igitur
1351 2699 1597 2762 additum
1644 2699 1745 2762 fuit
1798 2714 1905 2762 vox
1950 2697 2049 2784 ζῇ,
2094 2715 2236 2777 quae
2278 2701 2409 2778 post
2450 2697 2579 2777 ejus
2623 2699 2857 2760 mortem

565 2799 736 2862 deleri
777 2799 990 2878 debuit3
1035 2800 1184 2876 quod
1229 2801 1282 2862 si
1325 2802 1404 2862 tta
1447 2803 1553 2877 est,
1594 2799 1901 2864 Eucolinen
1950 2802 2179 2880 primam
2224 2801 2499 2864 mortuam
2544 2815 2679 2864 esse
2720 2801 2871 2862 recle

565 2902 903 2964 statuemus,
990 2903 1060 2963 At
1101 2901 1254 2966 illam
1300 2901 1781 2980 consuetudinem,
1826 2903 1889 2965 ut
1928 2903 2191 2982 sepulcra
2232 2920 2271 2966 a
2312 2903 2451 2965 vivis
2474 2917 2869 2980 compararen-

565 3003 674 3078 tur,
717 3003 993 3082 prioribus
1037 3006 1184 3068 certe
1225 3005 1596 3086 temporibuS,
1660 3020 1893 3082 quorum
1940 3006 2173 3086 vestigia
2214 3007 2482 3084 apparent
2522 3004 2579 3066 in
2625 3004 2731 3066 hoc
2774 3019 2869 3065 ar·

564 3105 638 3165 tis
681 3119 866 3181 opere,
910 3106 962 3166 si
1005 3106 1222 3182 quidem
1265 3107 1476 3170 Atticae
1518 3106 1717 3170 incolis
1760 3109 1893 3170 nota
1936 3107 2055 3183 fuit,
2102 3107 2359 3169 rariorem
2404 3105 2585 3168 fuisse
2626 3119 2870 3168 necesse

563 3206 673 3267 est.
727 3204 870 3266 luter
913 3205 1104 3270 titulos
1149 3207 1292 3270 euim
1339 3208 1454 3270 fere
1495 3208 1883 3288 septingentos
1924 3207 2271 3286 sepulcrales
2316 3207 2525 3270 Atticos
2566 3222 2603 3270 a
2646 3202 2868 3270 Boeck-

701 3457 772 3528 ¹³)
810 3457 867 3514 ld
901 3460 948 3514 in
990 3461 1236 3532 Χαιρέας
1270 3460 1550 3516 mutandum
1586 3462 1785 3517 videtur.

707 3544 778 3608 ¹⁸)
814 3543 865 3600 ln
903 3547 1212 3600 monumento
1246 3545 1300 3600 C.
1339 3543 1387 3598 J.
1421 3561 1472 3602 n.
1508 3546 1629 3604 606.
1684 3547 1923 3620 descripto
1976 3545 2068 3602 sub
2117 3545 2405 3618 anaglypho
2440 3551 2555 3601 sunt
2592 3546 2869 3618 inscriptio·

564 3646 654 3686 nes
689 3635 811 3698 tres;
848 3648 876 3684 e
907 3630 1081 3700 quibus
1112 3631 1292 3699 prima
1320 3631 1479 3699 prius
1513 3633 1709 3686 ceteris
1744 3640 1975 3686 exarata
2002 3641 2095 3697 eat,
2132 3639 2312 3700 utpote
2346 3635 2501 3701 cujus
2532 3631 2693 3699 prior
2726 3648 2855 3684 ver-

563 3732 658 3770 sus
710 3718 786 3768 ad
835 3715 1190 3785 anaglyphum
1239 3718 1525 3783 pertineat.
1595 3715 1935 3790 Anaglyphurn
1988 3718 2221 3782 medicum
2274 3721 2602 3789 repraesentat
2658 3723 2868 3787 aegroto

561 3801 793 3856 medicam
841 3815 978 3872 opem
1031 3798 1256 3854 texentem
1294 3827 1359 3838 -—
1415 3799 1515 3855 Eos
1566 3803 1645 3872 qui
1683 3801 1778 3855 hoe
1809 3804 2031 3874 sepulcro
2068 3803 2248 3858 conditi
2284 3808 2420 3869 suut,
2464 3803 2631 3857 ordine
2668 3807 2849 3857 natura

562 3887 830 3941 constituto
865 3883 1046 3940 obiisse
1082 3884 1198 3939 ordo
1233 3901 1454 3941 versuum
1489 3886 1659 3954 docet,
1698 3887 1777 3958 qui
1814 3885 1894 3942 hie
1929 3894 2029 3943 est:

632 3987 678 4025 a.
711 3966 914 4024 Ἰάσων
953 3966 982 4023 ὁ
1019 3974 1112 4024 καὶ
1149 3974 1369 4032 Δέκμος
1397 3971 1693 4044 Ἀχαρνεὺς
1728 3967 1925 4042 ἱατρός.

716 4051 1008 4115 Διονύσιος
1036 4053 1276 4116 Ἰάσονος
1303 4055 1469 4132 Ἁχαρ
1505 4061 1711 4124 (νέως),
1749 4054 1899 4126 γόνῳ
1934 4055 2007 4115 δὲ,
2036 4054 2334 4129 Θεοδώρου
2363 4056 2693 4124 Ἀθμονέως.

631 4138 680 4192 b.
723 4139 1070 4208 Θεόμνηστος
1104 4142 1406 4197 Διονυσίου
1435 4141 1740 4214 Ἀχαρνέως
1774 4145 1865 4194 καὶ
1902 4139 2137 4214 Εἰρήνης
2171 4145 2263 4210 τῆς
2288 4141 2533 4203 Ἰάσονος
2549 4141 2871 4214 Ἀχαρνείς.

630 4240 672 4277 c.
718 4223 1060 4298 Φιλοστράτη
1090 4226 1476 4300 Ἀφροδεισίου
1527 4228 1621 4282 τοῦ
1653 4221 2028 4295 Ῥαμνουσίου
2072 4231 2165 4282 καὶ
2195 4228 2463 4300 Ἀριστίου
2499 4230 2591 4296 τῆς
2625 4234 2869 4300 Καρπο-

717 4305 894 4361 δώιου
928 4315 1226 4373 Μελιτέως.

3009 1212 3014 1317 4

3009 1592 3014 1699 l

3006 2600 3013 2696 -ᾳ
