3059 5250
1631 461 1639 468 ’
1702 468 1751 535 2

588 650 760 709 virum
809 646 998 725 (quam
1043 626 1265 708 mortui'
1286 646 1585 723 imaginem
1630 659 1763 705 esse
1805 643 1937 705 dixit
1978 640 2321 717 Muellerus)
2366 642 2603 703 stantem
2650 640 2875 715 videriS‚

587 765 812 811 uxorem
857 748 1214 825 superstitem
1257 747 1442 810 autem
1487 745 1794 808 sedentem.
1924 742 2150 815 Eodem.
2180 742 2346 805 modo
2398 742 2456 805 in
2500 742 2874 820 descriptione

586 853 736 913 vasis
761 848 1091 929 sepulcralis
1115 851 1202 924 (n.
1230 845 1381 927 126)
1415 848 1733 910 nominibus
1755 843 2088 928 Χαιρέας,
2130 838 2477 927 Baianum,
2519 836 2877 927 Ὀνὴσιμος

584 954 827 1031 inscripti
873 954 1054 1031 figura
1097 951 1306 1013 sedens
1353 950 1707 1037 superstitem
1752 948 1945 1011 dicitur
1976 949 2289 1029 significare
2311 935 2559 1025 uxorem,
2603 946 2684 1007 vir
2707 947 2874 1007 stans

583 1058 630 1116 ei
687 1054 1004 1117 valedicens
1066 1052 1322 1127 maritum
1389 1052 1686 1129 mortuum.
1758 1094 1761 1099 -
1816 1050 1971 1125 Quae
2024 1066 2167 1115 urna
2219 1054 2425 1121 (nunc.
2464 1048 2759 1111 asservata
2811 1047 2871 1129 in

585 1156 950 1237 Glyptotheca
992 1154 1363 1233 Monacensi)‚
1407 1154 1480 1215 ab
1514 1150 1786 1216 Schornio
1829 1152 1885 1212 in
1930 1151 2187 1231 catalogo
2230 1149 2619 1231 glyptothecae
2660 1149 2744 1231 (n.
2766 1144 2871 1225 80,

585 1240 641 1336 p.
668 1252 794 1335 76.)
838 1258 1032 1319 iterum
1077 1256 1356 1334 descripta
1397 1256 1484 1317 est
1495 1273 1512 1329 3
1560 1254 1652 1330 qui
1696 1252 1979 1315 sedentem
2018 1254 2253 1335 figuram
2287 1255 2537 1315 mortuae
2560 1253 2715 1331 putat
2736 1266 2878 1313 esse

582 1360 880 1439 imaginem
927 1374 994 1420 ex
1037 1358 1217 1437 priore
1258 1357 1535 1427 Muelleri,
1559 1355 1834 1421 sententia
1888 1357 2079 1424 eontra
2122 1356 2176 1419 id
2220 1356 2367 1432 quod
2410 1356 2613 1433 postea
2642 1354 2703 1429 ‚ei
2750 1353 2873 1431 pla-

583 1461 712 1524 cuit.
800 1459 978 1538 Cujus
1023 1460 1330 1521 sententiae
1373 1474 1497 1521 cum
1544 1461 1599 1521 et
1642 1456 1949 1521 Schornius
2004 1462 2059 1521 et
2099 1456 2404 1525 Muellerus
2454 1455 2688 1517 eundem
2732 1455 2871 1517 affe-

584 1567 706 1624 rant
749 1562 1048 1637 auctorem,
1090 1576 1200 1623 nos
1244 1577 1461 1638 quoque
1503 1561 1653 1623 hunc
1685 1559 1807 1635 jam
1852 1559 2142 1622 adeamus.
2208 1556 2315 1621 Est
2357 1559 2408 1620 is
2440 1554 2732 1635 RinckiuS‚
2776 1558 2870 1633 qul

583 1664 708 1727 loco
773 1680 946 1742 supra
1013 1664 1176 1725 citato
1213 1664 1489 1742 scripsit:
1556 1661 1737 1725 Ueber
1802 1662 1912 1725 alte
1954 1660 2290 1725 Denkmaier
2354 1660 2410 1723 in
2454 1656 2701 1739 Venedig
2755 1658 2873 1721 und

583 1768 768 1827 seiner
810 1764 1155 1844 Umgegend.
1267 1766 1389 1839 Qua
1430 1766 1485 1825 in
1531 1764 1921 1829 dissertatione
1964 1762 2317 1833 describitur·
2346 1762 2728 1842 anaglyphum
2776 1776 2905 1823 ser

583 1867 849 1945 pulcrale‚
894 1852 1105 1943 inquo
1148 1866 1385 1929 feminae
1429 1865 1643 1928 sedenti
1682 1866 1761 1929 vir
1804 1868 1968 1930 stans
2014 1881 2241 1928 manum
2286 1860 2540 1945 porrigit3
2595 1880 2721 1927 cum
2765 1864 2874 1926 hac

583 1970 966 2048 inscriptione:
1029 1960 1354 2052 Διοδώρα
1401 1964 1655 2053 χρηστὴ
1697 1970 1911 2052 χαῖρε.
1954 1964 2068 2031 καὶ
2112 1960 2287 2050 σύγε.
2318 2017 2335 2031 .
2392 1968 2495 2031 His
2561 1968 2891 2052 valedicens
2976 1984 2983 1989 ·

581 2073 715 2133 tium
760 2070 956 2151 figuris
1002 2072 1297 2157 postquam
1341 2070 1659 2133 discessum
1694 2088 1726 2133 e
1760 2072 1869 2135 vita
1912 2071 2211 2151 significari
2255 2070 2487 2149 monuit,
2529 2068 2680 2131 addit
2698 2069 2869 2131 haec:

481 2190 506 2209 ‘
580 2170 762 2235 Wenn
810 2172 1026 2235 endlich
1069 2172 1318 2236 Visconti
1365 2173 1548 2252 (Mus.
1593 2172 1695 2235 Pio
1742 2172 1825 2235 Cl.
1870 2173 1941 2235 T.
1962 2172 2031 2264 V.
2073 2190 2130 2251 p.
2154 2168 2278 2247 36⁹)
2325 2189 2483 2236 zwar
2527 2171 2721 2251 ricbtig
2762 2170 2873 2233 den
2996 2188 3003 2195 ·

584 2274 857 2338 Abschied
923 2274 1130 2338 zweier
1192 2273 1501 2353 Ehegatten
1567 2273 1701 2337 oder
1762 2274 2051 2338 zwischen
2095 2273 2262 2337 Vater
2328 2274 2442 2336 und
2508 2272 2750 2335 Tocbter
2812 2272 2871 2333 in

571 2376 737 2454 jener
779 2374 1084 2455 Handlung
1125 2372 1501 2455 ausgedrilckt
1544 2376 1717 2453 sient,
1781 2376 1914 2438 aber
1968 2374 2057 2438 die
2111 2376 2381 2439 stehende
2423 2374 2511 2437 fiir
2554 2373 2642 2435 die
2683 2373 2873 2453 Abge-

583 2476 880 2540 schiedene
922 2477 1069 2554 halt,
1113 2494 1182 2541 so
1225 2477 1436 2540 belehrt
1478 2492 1589 2539 uns
1633 2475 1721 2539 die
1754 2477 2133 2541 Grimanische
2176 2465 2372 2541 Antike
2416 2476 2495 2556 (id
2532 2464 2871 2539 monumen·
2912 2512 2923 2519 -

581 2583 729 2660 tum,
793 2580 864 2644 de
905 2597 1016 2660 quo
1045 2582 1214 2644 'nunc
1266 2595 1452 2644 sermo
1505 2578 1635 2658 est)
1700 2579 1979 2644 abermals
2044 2580 2201 2644 eines
2242 2578 2525 2656 Bessern,
2586 2594 2683 2643 wo
2747 2578 2872 2640 eine

583 2684 838 2747 sitzende
879 2683 1047 2760 Frau,
1091 2683 1181 2746 als
1223 2682 1468 2748 welcher
1509 2682 1792 2744 zuniichst
1832 2682 1939 2744 das
1978 2685 2171 2768 χαῖρε
2212 2672 2524 2762 'zugerufen
2567 2680 2739 2758 wird,
2779 2680 2875 2742 fiir

477 2773 488 2783 “
581 2785 672 2847 die
711 2783 1084 2847 Verstorbene
1128 2783 1453 2846 anzusehen
1497 2784 1595 2846 ist.
1724 2783 2059 2846 Rectissime
2069 2804 2089 2863 3
2152 2797 2284 2845 num
2331 2799 2459 2845 vero
2502 2781 2649 2860 quod
2692 2782 2873 2844 semel

584 2887 807 2949 mortua
849 2883 1056 2948 sedens
1103 2885 1285 2949 efficta
1327 2885 1434 2963 est,
1479 2884 1741 2948 continuo
1786 2886 2054 2964 sequitur,
2096 2886 2151 2948 in
2196 2885 2534 2966 anaglyphis
2578 2884 2873 2964 sepulcra-

583 2989 730 3053 libus
775 3003 997 3066 semper
1041 2985 1326 3050 sedentem
1369 2989 1605 3066 figuram
1651 2989 1848 3050 mortui
1894 3003 2026 3050 esse
2070 2988 2388 3068 imaginem,
2430 3002 2546 3050 non
2581 2981 2873 3049 stantem?

582 3093 662 3154 Ac
707 3092 760 3153 si
799 3092 922 3170 ipse
965 3087 1234 3154 Rinckius
1278 3091 1622 3152 mortuorum
1676 3090 1949 3171 imagines
2002 3090 2075 3152 ab
2130 3089 2491 3169 superstitum
2536 3088 2879 3169 imaginibus

582 3195 660 3256 ila
701 3193 938 3254 discerni
983 3191 1221 3270 putavit,
1286 3191 1349 3252 ut
1390 3190 1445 3252 hi
1491 3191 1708 3253 stantes
1752 3192 1915 3256 efficti
1972 3191 2113 3268 sint,
2176 3191 2255 3254 illi
2311 3191 2600 3254 sedentes:
2662 3191 2769 3254 hoc
2812 3191 2874 3253 in

585 3295 656 3356 iis
701 3294 964 3372 operibus
1009 3292 1152 3356 solis
1195 3292 1312 3354 fieri
1357 3307 1531 3370 posse
1576 3292 1819 3355 sortasse
1862 3295 2088 3372 putavit,
2129 3310 2275 3371 quae
2319 3292 2739 3356 valedicentium
2772 3308 2877 3354 ex-

585 3396 772 3461 hibent
813 3397 1060 3475 figuras3
1125 3410 1255 3457 nam
1299 3395 1355 3456 in
1401 3394 1579 3480 tribus
1634 3395 1761 3457 aliis
1814 3397 2190 3458 monumentis
2244 3395 2651 3475 sepulcralibus
2694 3393 2877 3474 expli-

583 3497 776 3560 candis
819 3495 994 3575 hujus
1040 3497 1115 3558 rei
1159 3495 1370 3558 nullam
1416 3497 1685 3560 rationem
1730 3496 1915 3562 habet.
1980 3496 2039 3557 In
2084 3495 2349 3561 Kunstbl.
2385 3493 2567 3575 1828,
2610 3513 2666 3560 n.
2689 3494 2791 3574 44,
2829 3492 2875 3559 3

582 3599 678 3662 ubi
722 3613 950 3660 coenam
997 3597 1255 3661 describit
1319 3597 1417 3673 (in
1470 3601 1832 3661 monumento
1877 3599 2153 3674 effictam)
2220 3598 2393 3677 patris
2458 3616 2583 3662 cum
2646 3597 2881 3661 duobus

581 3700 745 3777 filim,
787 3701 876 3777 qui
921 3715 1120 3763 omnes
1163 3700 1363 3762 mortui
1411 3703 1577 3777 sunt,
1620 3700 1954 3778 nominaque
1998 3700 2280 3780 adscripta
2322 3701 2544 3779 habent,
2586 3701 2877 3778 feminam,

583 3817 725 3880 quae
769 3802 824 3862 in
870 3806 1023 3880 parte
1067 3801 1297 3866 sinistra
1339 3817 1376 3864 a
1418 3801 1551 3864 viris
1595 3803 1807 3866 remota
1848 3802 2037 3881 sedet,
2090 3802 2248 3867 nullo
2291 3805 2515 3868 nomine
2558 3801 2877 3880 adscripto:

585 3920 710 3967 eam
775 3903 882 3966 hoc
943 3905 1364 3966 monumentum
1430 3902 1752 3966 condidisse
1810 3908 1973 3983 putat
2031 3903 2269 3983 ideoque
2332 3905 2443 3968 illis
2510 3903 2875 3983 superstitem

583 4007 795 4084 fuisse3
859 4009 914 4067 et
957 4007 1101 4067 recte
1145 4004 1239 4066 ille
1269 4005 1502 4081 ,quidem
1550 4007 1674 4067 sine
1716 4005 1900 4070 dubio.
2030 4005 2227 4085 Neque
2290 4009 2346 4070 in
2410 4008 2608 4086 quarto
2672 4021 2873 4068 eorum

585 4123 728 4184 quae
793 4105 1052 4170 describit
1116 4108 1503 4184 monument0‚
1570 4108 1806 4187 figuram
1873 4107 2158 4171 'sedentem
2218 4109 2468 4172 mortuae
2512 4107 2691 4172 solam
2738 4123 2879 4170 esse

585 4210 915 4288 imaginem,
981 4210 1103 4288 ipse
1147 4209 1292 4273 vidit.
1383 4207 1440 4272 In
1487 4209 1677 4285 quinto
1721 4209 2133 4289 inscriptionem
2171 4203 2481 4296 Ἐρώτιον
2520 4203 2880 4274 Ἀπολλω-

586 4305 732 4375 νίου
769 4303 1120 4402 Ἀμιᾳηνὴ,
1163 4328 1303 4390 quae
1342 4311 1579 4391 pertinet
1620 4309 1691 4374 ad
1738 4310 1999 4376 serninam
2042 4311 2327 4376 sedentem
2371 4327 2654 4392 pueroque
2696 4311 2879 4376 turbi-
