3059 5250
1695 552 1797 619 52

599 735 808 797 Deinde
849 735 956 795 boc
999 731 1416 793 monumentum
1463 728 1779 790 Romanum
1828 730 1944 802 est,
1998 724 2067 787 ad
2113 740 2345 801 quorum
2392 739 2641 785 normam
2688 724 2896 785 Graeca

600 835 857 913 explicari
899 850 1011 896 non
1058 832 1240 913 magis
1285 832 1555 911 possunt,
1599 846 1765 906 quam
1812 828 1883 891 ad
1926 825 2307 912 Etruscorum.
2419 837 2428 846 ·

771 932 1200 1013 Simplicissima
1223 916 1428 997 coenae
1445 931 1805 1011 effingendae
1830 931 1966 993 ratio
1989 928 2289 1004 eademque
2312 928 2647 1006 saepissime
2670 927 2900 1005 repetita

599 1053 668 1099 ea
689 1038 796 1116 est,
837 1042 898 1100 ut
929 1038 1046 1100 viro
1078 1038 1134 1099 in
1156 1036 1298 1099 lecto
1321 1034 1541 1096 cubanti
1574 1032 1645 1093 ab
1666 1031 1840 1095 altero
1875 1031 2045 1092 latere
2077 1031 2327 1093 assideat
2350 1030 2572 1107 femina,
2616 1030 2688 1093 ab.
2718 1030 2897 1091 altero

598 1139 930 1217 appositasit
961 1154 1158 1201 mensa
1201 1152 1326 1199 cum
1359 1135 1630 1213 dapibus3
1675 1132 2115 1195 ministrantibus
2150 1132 2473 1210 plerumque
2504 1132 2683 1194 servis
2714 1132 2900 1194 forma

599 1240 811 1302 minore
852 1240 1070 1303 81118118.
1134 1238 1371 1301 Exstant
1403 1238 1585 1299 autem
1618 1236 1993 1311 monumenta,
2038 1235 2092 1297 in
2128 1235 2328 1311 quibus
2362 1236 2573 1316 figurae
2607 1235 2903 1315 primariae

599 1356 834 1419 prorsus
879 1341 1071 1403 eodem
1116 1341 1302 1405 habitu
1348 1340 1563 1402 effictae
1609 1339 1745 1416 sint,
1798 1353 1992 1399 mensa
2036 1337 2219 1399 tamen
2268 1338 2425 1400 nulla
2468 1340 2571 1416 sit3
2634 1338 2780 1400 unde
2827 1338 2900 1399 de

598 1456 774 1505 coena
815 1443 1042 1521 cogitari
1086 1459 1199 1506 non
1246 1446 1444 1521 potest.
1520 1440 1587 1502 V.
1632 1455 1683 1504 8.
1730 1457 1786 1519 g.
1829 1438 2039 1517 Exped.
2064 1439 2202 1501 Mor.
2248 1438 2374 1503 Vol.
2406 1439 2489 1505 111.
2536 1441 2649 1503 tab.
2679 1437 2775 1518 16,
2826 1438 2891 1503 3.

599 1543 688 1607 Cf.
733 1544 794 1606 C.
818 1544 854 1605 1.
902 1544 1038 1608 Add.
1084 1540 1252 1607 2322
1275 1545 1344 1607 b³
1365 1547 1463 1619 6).δ
1538 1546 1615 1607 In
1670 1541 2030 1627 anaylypho
2074 1562 2198 1625 quo
2244 1554 2748 1624 repraesentatur
2792 1546 2903 1605 vir

599 1647 968 1710 decumbens
1013 1658 1073 1710 et
1115 1646 1337 1709 mulier
1365 1648 1617 1729 junctis
1674 1648 1917 1709 dextris
1928 1669 1950 1719 ‚-
1977 1656 1995 1679 ⁸
2020 1646 2107 1708 ad
2158 1656 2346 1726 caput
2396 1648 2636 1726 prioris
2678 1646 2904 1707 adstat

598 1746 837 1830 infans.
938 1740 1334 1830 Ἀλέξανδρε
1393 1740 1779 1833 Ἑρμίππου
1841 1745 2113 1831 Σιδῆται,
2175 1745 2414 1831 χρηστὲ
2475 1750 2677 1831 χαῖρε.
2788 1746 2899 1809 Ubi

596 1864 764 1912 nemo
807 1864 949 1912 sane
993 1865 1104 1911 non
1171 1848 1409 1911 inveniet
1453 1851 1594 1912 vitae
1658 1850 1995 1912 domesticae
2060 1850 2353 1928 imagin-em
2400 1848 2898 1926 familiaritatisque

514 1976 522 1983 ·
595 1951 768 2024 illiue,
815 1966 922 2029 qua
965 1949 1244 2029 conjuncti
1287 1950 1510 2014 inerunt
1552 1952 1607 2015 hi
1652 1952 1955 2031 conjuges,
2020 1949 2183 2029 cujus
2236 1952 2558 2014 memoriam
2614 1955 2898 2013 aeternam

597 2068 732 2115 8888
774 2054 946 2117 voluit
990 2070 1130 2117 uxor
1173 2056 1483 2133 superstes,
1592 2057 1664 2127 At
1716 2056 1768 2117 si
1812 2057 1866 2117 in
1921 2054 2047 2118 aliis
2088 2052 2424 2135 anaglyphis
2488 2053 2639 2115 duae
2680 2054 2898 2132 figurae

595 2156 888 2233 primariae
931 2156 1148 2234 quidem
1191 2158 1386 2221 eodem
1433 2156 1620 2220 habitu
1665 2160 1961 2236 apparent,
2018 2173 2049 2218 e
2093 2172 2289 2219 mensa
2334 2156 2517 2217 autem
2565 2172 2687 2217 cum
2732 2154 2895 2233 dapi-

591 2256 702 2319 bus
745 2257 930 2321 addita
973 2258 1122 2335 patet
1165 2260 1465 2321 coenantes
1509 2258 1775 2339 effingere
1819 2260 2069 2322 voluisse
2111 2258 2401 2321 artificem:
2457 2258 2598 2320 hanc
2643 2260 2895 2321 mortuo-

594 2375 716 2421 rum
763 2358 849 2422 vel
891 2359 1174 2423 beatorum
1223 2377 1452 2433 coenam
1500 2376 1633 2429 esse
1676 2357 2042 2439 putabimus?
2129 2361 2371 2423 Minime.

763 2460 972 2523 Deinde
1015 2462 1068 2525 in
1115 2464 1305 2525 coenis
1349 2465 1602 2525 mortuos
1656 2478 1771 2524 una
1824 2480 1948 2525 cum
1994 2462 2388 2541 superstitibus
2440 2462 2648 2523 effictos
2700 2462 2891 2523 cerni-

593 2578 754 2640 mus,
820 2562 896 2626 ita
938 2571 1000 2628 ut
1035 2564 1113 2627 ab
1156 2564 1267 2629 illis
1323 2580 1502 2642 neque
1556 2564 1792 2644 sejuncti
1839 2565 1951 2627 sint
2014 2578 2194 2641 neque
2238 2564 2473 2627 distincti
2520 2564 2633 2627 ullo
2697 2564 2890 2628 modo.

593 2663 752 2726 Unde
794 2664 902 2726 has
945 2669 1284 2730 mortuorum
1331 2683 1541 2730 coenas
1586 2683 1719 2729 esse
1762 2684 1875 2730 nou
1920 2683 2094 2746 posse
2135 2670 2363 2746 apparet
2376 2687 2394 2744 3
2435 2683 2563 2730 nam
2608 2668 2890 2743 quomodo

594 2765 652 2828 in
696 2766 1034 2829 mortuorum
1089 2769 1406 2831 societatem
1461 2768 1725 2830 accedere
1778 2769 1999 2847 possint
2052 2765 2429 2847 superstites?
2516 2769 2687 2832 Immo
2752 2775 2897 2832 811111

593 2865 873 2945 vivorum,
942 2869 998 2931 in
1043 2867 1246 2945 quibus
1301 2871 1502 2933 mortui
1547 2871 1709 2948 quasi
1768 2872 1887 2933 vivi·
1914 2870 2076 2934 efficti
2121 2872 2272 2934 sunt.
2356 2869 2424 2931 V.
2469 2887 2518 2934 8.
2563 2889 2620 2952 g.
2664 2871 2885 2935 Clarae.

589 2967 664 3030 M.
707 2967 900 3032 d-uSc.
943 2963 1020 3050 pl.
1071 2969 1192 3034 157
1245 2990 1302 3035 n.
1349 2971 1505 3051 291,
1570 2973 1662 3035 ubi
1708 2989 1883 3035 coena
1926 2973 2107 3036 efficta
2150 2974 2239 3034 est
2280 2971 2516 3037 duorum
2559 2973 2890 3054 conjugum,

583 3072 788 3147 quales
832 3072 1121 3155 descripsi,
1165 3092 1292 3138 cum
1325 3075 1508 3138 titulo:
1531 3067 1569 3165 J
1590 3070 1957 3160 Υηόμνημα
1987 3069 2437 3160 Τελεσφόρου,
2483 3067 2519 3140 ὃ
2564 3070 2893 3160 ἐποίησεν

589 3163 770 3256 αὐτῷ
824 3168 865 3256 ἦ
909 3174 1069 3258 γυνὴ
1112 3172 1390 3260 Χρήστη
1445 3171 1705 3260 μνήμης
1756 3173 1949 3258 χάριν
2015 3177 2089 3254 (C
2152 3176 2192 3240 1.
2239 3175 2452 3257 3383).
2538 3179 2725 3242 Eritne
2792 3183 2891 3258 qui

591 3271 816 3348 dubitet,
861 3275 991 3350 quin
1038 3274 1176 3337 haec
1221 3277 1452 3338 Chreste
1496 3293 1563 3338 se
1604 3277 1787 3355 ipsam
1842 3295 1967 3340 cum
2012 3280 2205 3342 marito
2250 3285 2469 3345 mortuo
2511 3283 2565 3344 in
2608 3299 2891 3346 marmore

585 3372 926 3450 sculpendos
971 3378 1240 3440 curaverit
1280 3381 1611 3454 coenanteS,
1654 3379 1801 3443 sicut
1843 3380 2023 3442 facere
2066 3382 2215 3444 soliti
2257 3386 2445 3460 erant,
2486 3383 2615 3446 dum
2662 3385 2757 3448 ille
2802 3387 2888 3447 vi-·

585 3471 790 3540 vebat?
877 3474 1069 3540 Simile
1111 3479 1202 3540 est
1243 3479 1294 3540 id
1341 3480 1485 3556 quod
1529 3480 1787 3543 describit
1829 3479 2145 3545 Boeckhius
2200 3485 2283 3556 (in
2329 3485 2393 3547 C.
2435 3485 2473 3547 1.
2518 3481 2691 3548 2322
2714 3483 2886 3565 b²⁶):

593 3575 712 3640 Vir
757 3579 843 3640 ad
883 3599 1148 3642 mensam
1193 3581 1560 3644 accumbens
1614 3593 1675 3644 et
1728 3583 1899 3647 illius
1955 3585 2043 3647 ad
2088 3588 2286 3664 pedes
2348 3589 2571 3650 sedens
2610 3585 2881 3669 femina,

581 3679 871 3742 adstante
911 3681 1002 3743 ad
1039 3685 1299 3746 alterum
1341 3682 1506 3746 latus
1550 3681 1827 3768 infante3
1870 3686 2019 3764 quod
2072 3690 2256 3750 tamen
2301 3689 2555 3752 maritum
2601 3690 2887 3768 supersti-

579 3785 690 3842 tem
733 3782 892 3842 uxori
934 3785 1182 3846 mortuae
1225 3785 1500 3862 erexisse,
1544 3786 1777 3850 testatur
1819 3787 2127 3868 inscriptio:
2173 3782 2477 3854 Κῦδιλλα
2523 3786 2886 3855 Μνασικῦ-

451 3927 466 3937 ,
579 3880 702 3946 ὅου
740 3881 951 3966 χαῖρε.

749 3982 925 4048 Porro
979 3986 1030 4047 si
1074 3989 1438 4052 coenantibus
1504 3990 1885 4054 ministrantes
1937 3995 2175 4057 ancillas
2210 4011 2547 4074 'servosque
2591 3995 2886 4061 cernimus

575 4098 813 4161 prorsus
867 4086 1060 4149 eodem
1119 4089 1306 4152 habitu
1349 4091 1654 4169 figuratoS,
1720 4107 1881 4168 quem
1949 4094 2005 4156 in
2050 4095 2162 4157 illis
2206 4099 2581 4160 monumentis
2646 4114 2888 4161 cernere

577 4183 830 4248 solemus
852 4233 869 4262 ‚
936 4187 990 4249 111
1058 4190 1258 4267 quibus
1324 4193 1464 4254 vitae
1529 4191 1865 4256 domesticae
1931 4195 2266 4274 agnovimus
2332 4197 2606 4279 imagines
2628 4245 2645 4276 ,
2730 4198 2886 4264 haec

571 4329 685 4386 Latt
739 4336 891 4392 4456.
927 4340 1008 4392 57.
1045 4325 1132 4379 -’
1164 4337 1237 4394 De
1274 4341 1442 4396 ceteris
1478 4357 1602 4412 quae
1638 4341 1811 4398 ibidem
1850 4343 2041 4398 disserit
2076 4346 2145 4399 vir
2184 4344 2501 4414 clarissimuS,
2541 4347 2653 4402 mihi
2690 4363 2885 4419 nequa-

571 4431 712 4488 quam
749 4433 854 4472 cum
891 4435 948 4474 80
985 4424 1238 4479 8011ν811118
1271 4426 1481 4494 ingenue
1515 4424 1683 4482 fateor.

3042 1962 3044 2087 l

3044 2297 3047 2469 l

3034 2560 3049 2840 Ἰ
