3059 5250
1688 480 1743 549 8

569 655 926 749 Μάγνητες
969 656 1108 726 ἀπὸ
1129 653 1425 726 Σιπύλου
1466 652 1740 743 χρηστοὶ
1781 650 2061 740 χαίρετε.
2151 655 2389 717 Marmor
2430 652 2614 715 autem
2658 649 2881 727 sepul--

569 766 716 828 crale
759 765 905 843 quod
941 763 1253 827 Boeckhius
1295 762 1560 826 Rheueae
1602 757 1785 822 tribuit
1837 757 2003 834 (Add.
2050 754 2241 822 2322.
2272 753 2433 832 b⁹⁵.)‚
2480 751 2861 832 Aegineticum

567 868 762 931 dicitur
804 882 938 929 esse
981 867 1034 927 in
1081 881 1247 945 opere
1290 864 1484 943 expeti.
1529 864 1755 941 Moreot.
1811 861 1965 938 (Vol.
2008 859 2089 922 ΠΙ.
2134 859 2209 937 pl.
2254 857 2357 934 42,
2402 855 2511 932 2.).
2602 852 2863 917 Ostendit

565 966 858 1032 universae
921 967 1159 1032 familiae
1223 966 1472 1044 coetum3
1534 966 1591 1026 in
1635 966 1788 1043 parte
1850 965 2032 1027 antica
2074 960 2285 1025 mulieri
2350 956 2564 1021 sedenti
2626 970 2863 1019 manum

481 1082 486 1087 ’
554 1069 746 1151 jungit
789 1070 983 1133 mulier
1027 1070 1209 1130 stans,
1297 1066 1559 1145 Zophoro
1626 1067 1718 1143 qui
1776 1066 2058 1146 fastigium
2104 1062 2345 1127 sustinet
2386 1061 2525 1132 haec
2590 1058 2863 1136 inscripta

566 1174 698 1235 sunt
743 1173 996 1235 nomina:
1055 1164 1412 1253 Φαινίππη
1453 1162 1843 1249 Σμικυθίων
1888 1170 1951 1229 Κ
1953 1160 2117 1244 isch,-
2183 1182 2215 1228 e
2256 1164 2461 1242 quibus
2504 1162 2733 1246 apparet
2774 1161 2862 1221 si-

563 1274 849 1351 mulatque
893 1290 1042 1339 unus
1086 1289 1307 1350 eorum,
1369 1271 1440 1333 ad
1487 1286 1634 1347 quos
1674 1270 1782 1334 hoc
1822 1270 2139 1348 sepulcrum
2184 1259 2467 1347 pertinuit,
2510 1278 2864 1342 quorumque

563 1376 836 1455 imagines
879 1377 1026 1438 cerni
1069 1380 1204 1455 puto
1247 1374 1302 1437 in
1347 1388 1640 1449 marmore,
1682 1372 1936 1435 mortuus
1982 1371 2143 1434 fuerit
2182 1368 2366 1445 ibique
2410 1368 2686 1446 conditu&
2730 1364 2863 1443 ejus

563 1492 767 1539 nomen
813 1478 1010 1540 ceteris
1053 1477 1298 1541 additum
1355 1475 1537 1541 fuisse
1566 1473 1641 1554 ⁶).
1726 1474 2066 1538 Monumenti
2112 1472 2230 1535 Chii
2282 1470 2431 1547 quod
2471 1470 2647 1533 matri·
2676 1468 2861 1531 Thal-

563 1578 727 1641 lusae
769 1580 939 1642 erexit
979 1580 1128 1643 filius
1173 1578 1443 1656 ThalluS‚
1507 1578 1600 1640 ubi
1644 1577 1810 1648 ambo
1866 1577 2129 1640 sedentes
2184 1574 2347 1637 efficti
2390 1577 2525 1637 sunt
2576 1572 2673 1649 (C.
2714 1570 2755 1633 i.
2798 1586 2860 1633 n.

562 1675 785 1761 2239),
828 1697 1001 1759 supra
1043 1682 1375 1745 mentionem
1419 1680 1597 1759 injeci.

731 1833 1024 1896 Postremo
1068 1834 1339 1923 nonnulla
1362 1835 1616 1913 exempla
1658 1835 1929 1915 proferam
1976 1848 2044 1897 ex
2086 1833 2183 1897 illo
2218 1848 2447 1910 operum
2493 1844 2715 1910 genere,
2760 1827 2857 1890 ubi

561 1935 898 2013 conspicitur
961 1937 1042 1998 vir
1109 1936 1249 1999 lecto
1314 1936 1674 2015 incumbenS‚
1738 1936 2023 1998 assidente
2086 1936 2348 2011 muliere,
2414 1934 2535 1995 sive
2597 1930 2858 2009 apposita

559 2052 760 2099 mensa
812 2054 940 2101 cum
993 2037 1228 2117 dapibus
1284 2053 1460 2101 coena
1493 2039 1874 2118 significatur,
1939 2039 2058 2101 sive
2103 2054 2234 2100 non.
2322 2036 2379 2098 ln
2444 2035 2515 2096 iis
2576 2031 2859 2107 omnibuS‚

565 2142 626 2201 ut
669 2140 840 2201 staret
881 2140 979 2202 illa
1021 2140 1237 2218 opinio,
1303 2142 1635 2203 sumendum
1692 2141 1833 2202 foret
1895 2140 2177 2219 mulierem
2225 2139 2459 2217 priorem
2526 2152 2662 2199 esse
2705 2152 2856 2198 mor-

559 2240 732 2301 tuam.
815 2242 885 2301 At
929 2240 984 2300 in
1029 2256 1097 2303 eo
1141 2240 1287 2317 quod
1330 2241 1386 2304 in
1432 2242 1495 2305 C.
1532 2243 1573 2306 1.
1618 2241 1785 2318 (Add.
1830 2236 2018 2303 2322.
2040 2238 2165 2318 12³⁵)
2212 2239 2539 2302 describitur
2583 2254 2857 2301 marmore

559 2341 843 2419 inscriptio
867 2332 1260 2425 Ἀλέξανδρε
1273 2334 1657 2427 Ἑρμίππου
1678 2341 1929 2425 Σιδῆτα
1956 2338 2198 2426 χρηστὲ
2214 2344 2427 2425 χαῖρε,
2472 2342 2643 2403 virum
2666 2340 2855 2402 solum

561 2445 836 2505 mortuum
881 2458 1015 2505 esse
1056 2444 1230 2506 docet.
1319 2444 1510 2522 Neque
1562 2444 1721 2507 aliter
1764 2459 1856 2519 res
1900 2460 1964 2505 se
2010 2444 2171 2507 habet
2214 2444 2269 2505 in
2324 2443 2463 2506 Add.
2508 2438 2693 2505 2322.
2738 2436 2855 2518 b⁴²)

561 2547 616 2604 et
657 2540 787 2616 Μ’)
832 2560 974 2621 quae
1018 2546 1146 2609 sola
1190 2547 1427 2611 virorum
1473 2548 1699 2610 uomina
1743 2547 2042 2611 continent.
2127 2545 2196 2608 At
2238 2545 2294 2608 in
2327 2544 2469 2606 Add.
2499 2536 2856 2616 2322.b⁷⁶)

558 2649 947 2726 argumentum
993 2650 1154 2729 idem,
1177 2651 1497 2729 inscriptum
1531 2652 1716 2713 autem
1763 2665 1962 2712 nomen
1998 2638 2271 2711 mulieris:
2318 2641 2623 2711 Κῦδιλλα
2645 2647 2851 2707 Μνα-

559 2742 835 2813 σικὺὁου
873 2749 1122 2836 χρηστὴ
1163 2753 1371 2836 χαῖρε.
1462 2751 1566 2813 Hic
1628 2751 1794 2830 igitur
1846 2750 2132 2812 mulierem
2198 2751 2513 2813 defunctam
2580 2748 2854 2810 habemus

559 2865 791 2927 eamque
835 2851 1018 2914 solam
1062 2851 1398 2930 defunctam,
1467 2857 1526 2915 ut
1570 2850 1886 2915 Boeckhius
1930 2851 2077 2913 recte
2119 2851 2498 2916 animadvertit
2540 2850 2733 2912 contra
2775 2847 2852 2909 Le

557 2948 696 3029 BaS,
740 2953 832 3028 qui
898 2969 967 3017 ex
1009 2954 1167 3016 titulo
1211 2954 1440 3035 intelligi
1496 2954 1639 3032 vult,
1695 2965 1938 3037 patrem
1996 2955 2424 3041 Mnasicydue
2488 2937 2852 3035 defurit-tum

557 3073 692 3116 esse
735 3065 794 3116 et
836 3058 924 3119 ad
961 3056 1144 3120 hunc.
1181 3067 1240 3119 et
1276 3055 1478 3136 filiam
1525 3053 1760 3138 referri
1802 3058 2076 3128 titulum,
2144 3056 2289 3134 quod
2333 3055 2450 3118 fieri
2493 3069 2605 3116 uon
2652 3053 2853 3131 potest.

558 3151 724 3215 Tunc
765 3153 1081 3220 Boeckhius
1125 3160 1331 3238 pergit:
1395 3158 1649 3224 Titulus
1690 3161 1935 3241 quidem
1981 3159 2069 3220 ad
2107 3153 2299 3221 sola'm
2346 3155 2658 3246 Cydillam
2700 3173 2849 3236 per-

554 3257 744 3332 tinet,
812 3277 972 3341 quae
1024 3261 1247 3322 sedens
1299 3269 1806 3348 repraesentatur
1814 3283 1837 3335 ‚-
1906 3263 2019 3345 qui
2044 3261 2053 3267 ’
2081 3262 2170 3323 ad
2220 3275 2484 3323 mensam
2541 3255 2847 3321 accumbit

693 3490 743 3551 ⁸)
778 3491 945 3549 Simile
995 3495 1356 3570 anaglyphum,
1413 3497 1540 3568 quod
1577 3499 1688 3553 olim
1747 3499 2001 3552 universae
2048 3495 2264 3551 familiae
2318 3498 2575 3568 imaginem
2612 3495 2844 3560 ostendit,

551 3575 776 3632 describit
811 3578 941 3634 Ross
995 3579 1200 3644 (Demen
1250 3598 1342 3638 von
1391 3581 1547 3638 Attica
1600 3582 1753 3644 140)=
1807 3581 1937 3638 Stele
1975 3597 2066 3638 aus
2116 3581 2478 3638 Pentelischem
2516 3580 2743 3647 Marmor-3
2785 3602 2845 3628 .-

551 3660 664 3716 iiber
699 3662 781 3718 der
814 3663 1036 3720 lnschrift
1072 3683 1176 3722 war
1225 3670 1300 3722 ein
1340 3665 1581 3722 Basrelief
1630 3683 1723 3720 von
1760 3668 1915 3723 vielen
1954 3665 2148 3723 kleinen
2186 3667 2425 3738 Figuren‚
2480 3665 2697 3722 welches
2734 3665 2850 3721 aber

551 3745 884 3816 abgebroclien
923 3751 1014 3818 ist,
1069 3767 1129 3805 so
1165 3751 1284 3808 dass
1337 3768 1425 3807 nur
1470 3751 1596 3807 noch
1650 3753 1729 3808 die
1764 3751 1917 3808 Fiisse
1962 3755 2147 3826 einiger
2182 3753 2388 3825 Figuren
2438 3767 2499 3808 zu
2530 3750 2683 3808 seben
2718 3753 2851 3806 sind.

551 3830 744 3888 Titulus
778 3832 858 3888 liic
895 3841 995 3890 est=

924 3957 1094 4030 Σῇμα
1131 3955 1240 4010 ταδ’
1285 3959 1516 4013 Οῑναίου
1552 3959 1853 4012 Διονυσίου
1890 3958 2039 4015 w'ae'vt’
2082 3959 2159 4014 ἔτι
2195 3951 2463 4028 πρόσθεν,

925 4045 1216 4101 Πείθωνος
1249 4039 1457 4114 πατρὸς
1491 4031 1558 4098 οὗ
1593 4046 1687 4098 καὶ
1726 4044 2047 4098 Φειδίππου
2082 4039 2208 4098 τόδε
2243 4047 2399 4097 θείου

1007 4123 1236 4226 Τούτου,
1274 4126 1425 4182 τῶντ’
1465 4121 1647 4183 ἄλλων
1685 4117 1764 4184 ὧν
1800 4127 1968 4190 τύπος
2004 4125 2163 4184 εἷκόιῖ
2206 4129 2335 4200 ἔχει.

683 4246 856 4305 uorum
893 4250 1090 4303 nomina
1127 4255 1208 4304 aut
1269 4251 1314 4304 in
1354 4253 1486 4321 parte
1534 4247 1751 4304 defracta
1804 4247 1949 4316 hujus
1985 4249 2113 4322 pilae
2158 4255 2239 4305 aut
2296 4252 2343 4304 in
2382 4249 2481 4304 alia
2527 4247 2626 4320 pila
2693 4250 2854 4319 script

545 4335 697 4391 fuisse
737 4347 937 4386 neccsse
975 4337 1068 4386 est-
