3059 5250
1264 513 1368 579 53

171 702 392 763 quoque
435 686 628 749 eodem
675 686 946 765 pertinere
989 687 1130 748 satis
1173 690 1415 765 apparet.
1553 688 1799 752 Ancillae
1842 688 2039 751 cistam
2083 693 2469 773 semiapertam

172 804 342 849 manu
387 789 641 849 tenentes
686 793 819 851 suut
861 790 916 851 in
961 806 1258 852 coenarum
1282 788 1643 871 imaginibus
1682 790 1829 867 apud
1875 790 2181 855 Claraeium
2227 794 2303 873 pl.
2333 792 2471 858 157.

171 888 353 965 (284,
387 882 552 962 340)
597 890 672 968 pl.
724 886 859 951 159.
908 886 1084 967 (287,
1126 887 1302 967 288).
1393 890 1510 954 Hae
1557 891 1845 953 mulierum
1893 892 2055 955 sellis
2096 894 2319 957 adstare
2372 914 2469 961 so·

168 991 320 1071 lent3
382 990 454 1053 ab
497 991 670 1053 altero
716 990 884 1053 latere
929 993 1066 1053 sunt
1107 992 1250 1055 servi
1307 996 1405 1055 aut
1446 993 1633 1056 habitu
1678 994 1973 1071 tranquillo
2016 995 2181 1059 'efficti
2224 1001 2322 1059 aut
2364 999 2467 1060 rni-

163 1093 494 1156 nistranteS.
584 1092 683 1168 (Ut
727 1093 872 1171 apud
898 1092 1136 1159 ,Clarae
1193 1076 1267 1173 pl.
1317 1090 1460 1173 157,
1503 1091 1679 1174 340).
1768 1098 1847 1158 Ac
1912 1098 1961 1159 si
2008 1113 2079 1159 ue
2133 1114 2303 1161 canes
2346 1101 2469 1177 qui-

159 1195 294 1257 dem
338 1196 392 1257 in
439 1196 528 1257 his
575 1196 766 1257 coenis
809 1196 1032 1273 desunt,
1077 1196 1169 1273 qui
1213 1196 1371 1261 nullo
1415 1197 1528 1260 alio
1559 1197 1792 1260 00081110
1836 1198 2003 1261 additi
2046 1215 2179 1261 esse
2210 1203 2469 1279 possunt,

159 1298 275 1359 nisi
320 1298 382 1359 ut
424 1298 566 1359 vitae
611 1298 924 1359 communis
968 1284 1156 1381 imago
1193 1315 1426 1377 prorsus
1471 1300 1543 1361 ad
1590 1316 1777 1363 verum
1822 1300 1967 1363 facta
2009 1304 2290 1380 appareat,
2332 1320 2469 1368 num

156 1398 388 1460 haerere
431 1398 576 1477 licet,
618 1398 748 1476 quid
791 1400 896 1461 hoe
938 1400 1052 1463 toto
1095 1418 1300 1481 genere
1345 1397 1729 1483 significetur?
1774 1396 1839 1463 V.
1884 1418 1933 1463 e.
1980 1418 2037 1482 g.
2082 1403 2164 1465 Cl.
2208 1404 2284 1483 pl.
2327 1400 2467 1481 159,

157 1496 314 1562 286.
397 1498 660 1577 Paeiaud.
707 1502 856 1588 Mon.
903 1500 1135 1583 Pel-opp.
1181 1506 1242 1581 1,
1291 1502 1412 1565 110
1457 1506 1565 1571 ete.

334 1635 573 1699 Exstant
619 1637 782 1699 etiam
831 1640 1188 1699 monumenta
1233 1640 1758 1719 coenae‘irnagines
1806 1640 2185 1719 ostendentia,
2242 1658 2383 1719 quae
2428 1644 2465 1703 ii

157 1740 274 1818 ipsi
320 1740 424 1802 vivi
470 1740 574 1802 sibi
620 1739 914 1801 erexerunt
956 1740 1050 1815 qui
1093 1740 1394 1816 aliquando
1440 1741 1663 1811 subjis
1708 1742 1870 1805 condi
1914 1742 2231 1811 voluerunt:
2284 1735 2467 1807 hosne

153 1844 321 1905 vivos
385 1842 704 1921 putabimus
771 1839 894 1919 eJ'us
959 1822 1291 1905 conditionis
1357 1844 1626 1920 posuisse
1692 1844 2010 1925 imaginem,
2075 1844 2131 1905 in
2185 1861 2296 1921 qua
2338 1852 2467 1924 post

151 1948 392 2007 mortem
439 1961 505 2007 se
549 1946 768 2007 futuros
821 1958 955 2005 esse
997 1944 1184 2006 animo
1227 1944 1332 2030 sibi
1375 1942 1691 2023 fingerent?
1800 1946 1961 2007 Certe
2002 1946 2135 2008 nibil
2181 1948 2256 2009 rei
2300 1950 2465 2011 natu·

153 2063 256 2109 rae
311 2030 780 2110 accommodatius
823 2048 972 2133 erat,
1037 2062 1203 2123 quam
1254 2048 1316 2109 ut
1371 2046 1474 2108 vivi
1540 2046 1609 2125 in·
1643 2047 2015 2109 monumentis
2060 2048 2467 2127 sepulcralibus

149 2150 323 2212 etiam
368 2166 403 2211 a
447 2166 512 2211 se
557 2150 754 2211 erectis
820 2150 932 2211 vita
983 2149 1234 2217 fruentes
1288 2149 1422 2229 fingi
1477 2136 1631 2211 sese'
1657 2150 1875 2212 vellent.
1962 2148 2031 2212 V.
2078 2166 2129 2211 e.
2180 2168 2263 2229 gr.
2330 2166 2459 2213 coe·
2496 2172 2511 2182 ·

151 2270 288 2315 nam
332 2268 420 2331 ap.
467 2252 554 2315 Cl.
595 2253 670 2331 pl.
719 2250 861 2328 157,
915 2245 1034 2323 341
1099 2268 1225 2313 cum
1271 2251 1376 2313 hoo
1420 2252 1606 2315 titulo:
1652 2255 1745 2332 ‚A
1772 2243 2007 2328 ’Ώλιος
2042 2244 2464 2332 Ὀκταβιανὸς

155 2350 606 2419 κατεσκεύασε
651 2351 728 2415 τὸ
770 2354 1091 2438 μνημεῖον
1136 2346 1352 2437 ἑαυτῷ
1397 2350 1506 2417 καὶ
1553 2402 1565 2414 .
1618 2397 1635 2415 .
1683 2400 1700 2416 .
1738 2356 1921 2419 -Aliud
1966 2354 2137 2433 (quod
2183 2358 2363 2416 exstat
2406 2354 2460 2415 in

151 2456 396 2537 Thyrw.
441 2457 726 2519 Archaeol.
769 2454 906 2518 Brit.
961 2454 1065 2531 HL,
1109 2450 1270 2532 230)
1325 2455 1586 2518 describit
1629 2455 1946 2521 Boeekhius
2012 2457 2105 2533 (G.
2150 2456 2191 2519 1.
2238 2451 2461 2533 3265):
2586 2440 2607 2498 f

145 2558 616 2646 Anaglyplium
671 2558 884 2623 cellam
941 2567 1424 2638 repraesentans
1489 2560 1657 2621 inter
1722 2562 1883 2623 duas
1939 2558 2287 2636 columnae,
2347 2557 2458 2644 sa-

151 2664 424 2744 stigium
459 2661 875 2744 triangulare,
925 2663 992 2724 in
1035 2683 1160 2746 quo
1197 2661 1392 2737 orbi-9,
1438 2664 1857 2740 sustinentes,-
1902 2666 2073 2726 intus
2117 2666 2185 2725 in
2230 2662 2457 2725 lectulo

159 2765 461 2828 reclinati
504 2775 648 2826 sunt
691 2767 788 2826 vir
833 2773 893 2826 et
936 2763 1174 2842 mulier,
1224 2767 1462 2828 assidet
1507 2767 1637 2828 alia
1672 2764 1891 2848 fiyura
1934 2776 1993 2828 et
2038 2766 2289 2828 adstant
2333 2767 2459 2828 duo
2498 2775 2501 2782 '

147 2866 464 2951 infantes·
551 2865 776 2927 TItulus
821 2868 937 2927 0812
975 2859 1407 2950 Ἀλέξανδρος
1423 2861 1865 2950 Ἀλεξάνδρου
1906 2860 2303 2941 Βειθυνιεὺς
2347 2864 2457 2930 καὶ

153 2963 586 3052 Νικομηδεὺς
634 2965 757 3044 ζῶν
782 2961 990 3052 ἑαυτῷ
1023 2964 1466 3032 κατεσκεύασα
1513 2966 1589 3031 τὸ
1625 2971 1941 3054 μνημεῖον
1986 2965 2094 3032 καὶ
2142 2971 2223 3054 τῇ
2255 2965 2462 3053 μητρί

147 3095 294 3156 μου
335 3067 448 3134 καὶ
491 3069 574 3154 τῇ
621 3064 880 3152 συμβίῳ
932 3065 1250 3156 Φιλίππᾳ
1294 3071 1691 3135 Ποντιανοῦ.

329 3191 580 3266 Denique
623 3189 854 3266 spirant,
879 3183 958 3252 ’01
1001 3191 1076 3252 ita
1117 3190 1318 3266 dicam,
1361 3190 1498 3252 haee
1531 3205 1701 3268 opera
1724 3189 1870 3251 illam
1896 3148 2217 3268 gravitatem
2262 3197 2491 3269 (σεμι

145 3287 431 3378 νὸτητα)
476 3306 584 3366 qua
627 3291 816 3352 Graeci
862 3290 1154 3383 utebantur
1198 3292 1252 3352 in
1301 3289 1593 3371 conjngi03
1650 3291 1901 3368 adeoque
1946 3291 2120 3354 vivam
2168 3293 2308 3355 vitae
2352 3292 2455 3367 do-

145 3394 420 3458 mesticae
465 3389 726 3472 praebent
769 3393 1095 3472 imaginem,
1163 3397 1222 3456 01
1287 3393 1423 3467 haee
1466 3395 1593 3472 ipsa
1636 3409 1827 3456 eorum
1896 3393 2032 3454 ratio
2075 3393 2147 3455 ab
2193 3395 2451 3456 omnibus

150 3497 284 3560 aliis
329 3493 785 3574 explicationibus
829 3511 938 3557 nos
985 3496 1220 3558 revocet.
2421 3512 2433 3521 ·

329 3615 433 3690 Qui
497 3615 553 3676 in
598 3613 686 3675 liis
732 3614 1105 3676 monumentis
1172 3629 1380 3677 coenas
1435 3615 1698 3678 funebres
1744 3629 2045 3692 expressas
2089 3630 2224 3677 esse
2288 3615 2449 3693 puta·

152 3721 314 3796 runt,
379 3717 478 3780 aut
540 3716 610 3778 de
674 3732 741 3778 eo
797 3716 962 3795 epulo
1017 3717 1355 3796 cogitarunt,
1422 3717 1569 3795 quod
1634 3716 1889 3796 cognatis
1943 3716 2141 3778 mortui
2206 3715 2449 3793 praeberi

143 3820 368 3884 solebat
411 3819 596 3880 statim
635 3811 770 3901 post
792 3819 1054 3896 exequias
1097 3815 1625 3906 (περίδειπνον);
1667 3821 1767 3880 aut
1807 3818 1877 3879 de
1922 3833 2007 3897 eo,
2053 3817 2201 3894 quod
2238 3835 2278 3875 a
2319 3833 2449 3894 pro·

143 3923 374 4001 pinquis
415 3935 816 3996 nonnunquam
863 3920 1196 3985 celebratum
1240 3925 1346 3998 est,
1389 3920 1481 3998 qui
1525 3921 1721 3982 Manes
1768 3919 1945 3982 saeris
1990 3919 2269 3996 expiarent
2315 3934 2449 3980 000·

152 4023 364 4088 81110118
407 4022 605 4085 diebus
639 4020 744 4100 ⁶⁹).

289 4205 362 4275 δ’)
398 4203 515 4260 Luc.
563 4207 622 4261 d'e
657 4207 871 4261 mercede
916 4207 1057 4262 cond.
1105 4207 1189 4264 28.
1244 4207 1384 4260 ἔοικε
1439 4203 1551 4278 yde
1598 4201 1716 4259 τότε
1751 4201 1913 4278 στήλῃ
1968 4201 2141 4257 ἑώλου
2175 4199 2321 4262 τινὸς
2356 4221 2447 4258 νε·-
2498 4227 2513 4250 ι

147 4291 288 4360 κροῢ
323 4284 558 4357 ἄγοντας
593 4291 668 4356 (9)
703 4290 1064 4358 ἐναγίσματα.
1101 4293 1195 4345 καὶ
1230 4289 1338 4364 γὰρ
1375 4291 1588 4345 ἐκείνου
1624 4294 1981 4359 καταχέοντες
2014 4285 2198 4360 μόρον
2232 4289 2325 4341 καὶ
2353 4285 2448 4341 τὸν

141 4379 428 4444 στέφανον
462 4375 757 4443 ἐπιθέντες,
814 4373 970 4431 αὐτοὶ
1030 4379 1252 4437 πίνωσι
1307 4378 1399 4428 καὶ
1445 4373 1781 4444 εὐωχοῦνται
1820 4371 1901 4430 ιτα
1936 4374 2444 4444 παρεσκευασμένα.

2677 0 2847 15 Λ-ἫᾺ.
