3059 5250
1218 480 1414 547 *13

65 668 90 679 ·
212 658 305 719 hio
373 659 428 718 et
471 654 682 719 Rossio
747 652 924 715 editos
991 668 1102 715 nou
1170 658 1305 716 sunt
1360 654 1466 715 nisi
1513 655 1751 731 quatuor
1792 658 1881 733 qui
1926 656 2047 735 ejus
2093 662 2512 727 consuetudinis

211 758 532 822 testimonia
573 756 831 833 afferant,
897 770 1200 831 eorumque
1242 758 1358 817 tres
1403 757 1701 819 manifesto
1744 772 1813 819 ex
1858 759 2257 837 posterioribus
2299 768 2512 845 tempo-

213 862 402 939 ribus3
467 858 782 936 complures
835 858 1019 920 autem
1075 857 1342 919 rationem
1387 858 1717 924 contrariam
1764 861 2113 924 observatam
2159 863 2339 928 fuisse
2382 884 2511 945 pro-

211 962 367 1026 ba‘nt.
451 962 586 1025 illos
653 960 866 1045 priores
919 959 1288 1037 enumerab03
1353 976 1587 1037 quorum
1636 978 1784 1025 unus
1830 978 1899 1025 ex
1944 964 2183 1027 formula
2226 968 2351 1029 trita
2394 968 2511 1032 Ro·

210 1080 380 1127 mana
420 1062 732 1127 translatus
775 1046 884 1124 est.
973 1060 1038 1123 G.
1081 1060 1127 1123 J.
1170 1056 1316 1125 632.
1365 1054 1599 1140 Τόπος
1640 1056 1818 1150 Λύρ.
1863 1058 2255 1151 Ὶ,Στράτωνος
2285 1061 2512 1135 Εὖπυ-

207 1162 406 1251 ρι’δου
473 1156 890 1248 παραδόξου.
957 1154 1138 1249 Αὖρ.
1181 1158 1494 1249 Στράτιον
1558 1167 1767 1231 κεῖται
1812 1162 1977 1231 ἐτῶν
2034 1160 2176 1231 δύο.
2266 1170 2511 1234 Alterum

209 1284 438 1345 quoque
493 1267 560 1329 iis
604 1262 941 1345 temporibus
984 1264 1330 1329 tribuendum
1385 1284 1519 1329 esse
1574 1267 1779 1345 quibus
1821 1267 2095 1332 Romanis
2139 1272 2365 1335 Graecia
2409 1290 2509 1353 pa-

206 1369 396 1448 rebat,
460 1369 618 1431 docet
651 1368 860 1433 ,nomen
911 1367 1222 1431 Romanurn
1268 1369 1356 1446 (n.
1397 1364 1580 1449 630.)
1630 1370 1925 1455 Πρεῖμος
1967 1366 2241 1437 Νεικίου
2282 1368 2508 1440 Εὖπυ-

209 1470 403 1558 ρι’δης
459 1470 559 1556 ζῇ.
647 1471 792 1553 ldem
857 1470 1152 1533 dicendum
1207 1470 1276 1533 de
1318 1487 1375 1533 n.
1404 1466 1588 1535 1023.
1654 1472 1759 1538 M.
1786 1465 2039 1548 ’Ώλιος
2073 1468 2511 1557 Ὀκταβιανός

208 1569 652 1640 κατεσκεύασε
697 1571 774 1637 τὸ
819 1574 1140 1658 μνημεῖον
1196 1569 1320 1651 ζῶν
1375 1566 1595 1657 ἑαυτῷ
1638 1571 1749 1637 καὶ
1793 1618 1941 1639 ....
1985 1574 2229 1649 Quartus
2272 1578 2509 1657 denique

209 1695 428 1759 nullum
471 1692 601 1755 certi
645 1691 910 1771 temporis
953 1690 1212 1754 indicium
1258 1707 1390 1771 prae
1433 1707 1500 1754 se
1542 1691 1647 1753 sert
1690 1692 1797 1753 nisi
1842 1678 2070 1755 vocales¹
2096 1676 2152 1777 ’ἧ
2183 1699 2239 1758 et
2270 1678 2344 1774 ὦ,
2366 1712 2509 1773 quae

214 1799 345 1877 post
386 1794 672 1860 Euclidem
718 1796 772 1857 iu
821 1810 988 1859 usum
1035 1794 1331 1871 venerunt3
1373 1794 1476 1857 sed
1520 1794 1704 1857 etiam-
1730 1793 2135 1859 litterarumA
2158 1798 2222 1859 Ζ
2237 1798 2317 1859 Λ
2338 1814 2507 1863 usum

208 1900 551 1977 frequentem
599 1915 666 1961 ea
707 1896 928 1961 demum
973 1900 1157 1959 aetate
1198 1894 1399 1972 luisse,
1443 1911 1556 1972 qua
1576 1897 1806 1959 Graecia
1847 1898 1901 1959 in
1948 1897 2241 1961 formulam
2286 1902 2506 1979 provin-

210 2004 329 2065 ciae
375 2000 594 2065 redacta
637 2001 824 2077 esset,
865 1998 994 2063 dicit
1037 1996 1312 2061 Frauzius
1357 1998 1412 2057 in
1458 1995 1639 2059 Elem.
1681 1996 1872 2077 Epigr.
1915 2000 2006 2060 Gr.
2052 2015 2108 2077 p.
2130 1996 2279 2065 231.
2326 1999 2507 2065 Ζωΐ·

207 2104 323 2181 λος
387 2099 689 2177 Ξένωνος
759 2096 1038 2175 miurus.
1105 2090 1340 2184 Ζήνων
1397 2092 1669 2161 Ζωίλου
1702 2090 2010 2176 Ἁλαιεὺς
2056 2098 2157 2185 ζῇ.
2243 2100 2386 2166 Inter
2429 2106 2509 2165 tot

203 2206 373 2287 igitur
415 2204 607 2267 titulos
651 2204 705 2266 hi
751 2202 857 2266 soli
904 2205 1304 2291 postmortem
1349 2192 1543 2265 eorum
1589 2200 1660 2264 ad
1704 2218 1847 2278 quos
1892 2202 2161 2281 pertinent
2186 2206 2349 2283 positi
2372 2222 2506 2269 esse

207 2326 320 2374 uon
370 2309 638 2387 possuut3
703 2306 792 2369 siu
837 2308 1022 2368 autem
1066 2303 1121 2365 iu
1169 2319 1322 2366 more
1366 2302 1502 2367 illud
1548 2303 1780 2383 suisset,
1834 2306 1895 2367 ut
1937 2306 2040 2368 vivi
2084 2306 2189 2370 sibi
2233 2309 2506 2389 erigerent

207 2414 585 2485 monumenta,
629 2408 1063 2486 exspectandum
1107 2406 1243 2484 erat,
1288 2407 1404 2469 fore
1449 2411 1510 2470 ut
1538 2408 1779 2470 -nomina
1823 2423 1891 2470 eo
1934 2408 2126 2473 ordine
2168 2409 2346 2472 incisa
2367 2426 2503 2473 con-

209 2513 514 2592 spiciantur
558 2511 614 2571 in
659 2509 939 2587 plerisque
981 2509 1376 2585 monumentis,
1419 2524 1580 2585 quem
1626 2524 1719 2569 res
1764 2492 1886 2587 fert,
1928 2515 1983 2571 et
2026 2526 2187 2586 quem
2232 2514 2502 2574 constan-

205 2620 291 2679 ter
333 2612 690 2678 observatum
735 2609 988 2674 videmus
1032 2609 1086 2671 in
1113 2609 1369 2672 formulis
1415 2608 1827 2672 verbosioribus
1870 2609 2086 2672 urbium
2111 2610 2503 2676 Asiaticorum:

203 2713 240 2783 ὁ
291 2719 472 2784 δεῖνα
519 2705 956 2779 κατεσκεύασε
987 2709 1064 2774 τὸ
1106 2713 1426 2797 μνημεῖον
1459 2705 1679 2796 ἑαυτῷ
1712 2706 1825 2775 καὶ
1848 2711 1930 2798 τῇ
1953 2709 2207 2796 γυναικὶ
2228 2709 2341 2778 καὶ
2363 2717 2505 2790 τοῖς

203 2820 462 2894 τέκνοις
505 2812 616 2880 καὶ
662 2808 1150 2896 ἀπελευθέροις
1193 2817 1295 2877 etc,
1362 2813 1525 2878 Nunc
1568 2817 1753 2879 autem
1798 2815 2117 2896 complures
2162 2815 2300 2879 tituli
2345 2832 2503 2896 pror-

204 2939 310 2986 sus
355 2921 578 2984 diversa
621 2919 830 2981 ratione
873 2916 1167 2994 conscripti
1211 2920 1364 2978 sunt.
1451 2916 1516 2978 C.
1560 2915 1615 2979 J.
1660 2933 1717 2979 n.
1762 2912 1907 2981 766.

541 3064 956 3157 Ἀριστονίκη
1006 3062 1332 3132 Φιλίστου
1381 3062 1856 3152 Μαραθωνίου
1900 3063 2202 3155 θυγάτηρ

673 3167 1070 3251 Μοσχίωνος
1110 3167 1442 3245 Σουνιέως
1483 3162 1663 3253 γυνή.

555 3271 892 3339 Θεοδοσία
937 3268 1342 3351 Μοσχίωνος
1369 3268 1700 3346 Σουνιέως
1742 3265 2043 3358 θυγάτηρ

664 3371 1044 3460 Δωροθέου
1086 3419 1105 3437 .
1128 3416 1145 3434 .
1171 3417 1190 3436 .
1215 3418 1232 3435 .
1279 3368 1432 3436 ίδου
1476 3365 1656 3456 γυνή.

558 3471 877 3557 Μοσχίων
920 3468 1388 3560 Νικοστράτου
1429 3467 1761 3550 Σουνιεύς.

546 3574 1009 3665 Νικόστρατος
1049 3573 1454 3657 Μοσχίωνος
1493 3570 1826 3653 Σουνιεύς.

378 3734 566 3814 Hujus
629 3733 916 3796 nominum
981 3731 1364 3812 dispositionis
1430 3730 1568 3794 haec
1632 3745 1747 3794 una
1799 3745 1976 3794 causa
2028 3732 2256 3813 cogitari
2298 3733 2501 3812 potest,

201 3839 354 3920 quod
397 3855 508 3902 non
553 3836 727 3917 prim,
771 3850 936 3912 quam
979 3834 1106 3911 quis
1147 3835 1342 3898 horum
1391 3833 1650 3913 sepultus
1692 3834 1855 3897 luerit
1898 3849 2117 3898 nomen·
2154 3833 2305 3913 ejus·
2334 3832 2499 3912 lapidi

199 3943 444 4005 incisum
501 3941 572 4001 sit
582 3960 601 4017 3
665 3955 796 4000 nam
841 3937 892 3998 si
937 3937 1074 3999 vivis
1117 3938 1380 4000 omnibus
1423 3937 1645 4016 positus
1690 3941 1845 4000 esset
1886 3937 2111 4014 tituluS‚
2155 3937 2331 4014 primo
2376 3935 2500 3998 loco

201 4061 408 4109 nomen
454 4040 796 4104 Moschionis
842 4038 989 4100 velut
1029 4037 1234 4102 domus
1278 4039 1539 4117 principis
1585 4037 1935 4101 'scribendum
1980 4038 2100 4100 fuit.
2188 4036 2351 4100 Hunc
2393 4038 2498 4117 igi-

203 4149 294 4210 tur
337 4141 690 4222 superstitem
736 4141 918 4204 fuisse
957 4141 1013 4202 et
1055 4140 1212 4205 uxori
1254 4139 1308 4202 et
1350 4140 1526 4219 filiae,
1580 4154 1693 4204 non
1740 4141 1829 4200 est
1870 4139 2249 4201 dubitandum.
2335 4140 2401 4203 C.
2444 4139 2495 4202 J.

199 4243 348 4312 800.
394 4246 449 4309 b.
497 4245 574 4308 In
619 4264 736 4307 ara
779 4243 1122 4325 sepulcrale·
1161 4243 1492 4325 eleganter
1534 4251 1763 4307 ornata
1806 4239 2065 4321 leguntur
2107 4241 2241 4304 haec
2292 4327 2301 4338 α
