3059 5250
1562 414 1775 483 ‚38

578 588 1030 675 Καλλιμάχου.
1095 584 1489 671 Ἱίαλλίμαχε
1532 586 1774 675 χρηστὲ
1814 590 2017 673 χαῖρε,
2062 636 2067 641 .
2106 586 2347 651 Verbum
2404 586 2603 671 τιμᾷν
2658 586 2727 647 ad
2775 602 2883 663 po-

578 700 741 761 sitam
797 696 998 760 mortui
1055 694 1294 773 effigiem
1354 690 1721 755 referendum
1738 692 1832 753 est
1855 736 1872 767 ,
1938 704 2102 765 quam
2147 688 2611 769 significationem
2678 685 2887 747 habere

579 799 725 862 solet
789 798 844 859 in
889 798 978 858 his
1045 796 1396 876 regionibus3
1459 794 1613 857 unde
1676 794 1837 855 etiam
1882 792 2076 853 dicitur
2118 788 2316 871 τιμὰν
2362 782 2710 853 ἀνιστάναι
2778 789 2888 864 (cf.

578 900 646 962 C.
691 897 728 960 1.
772 894 962 977 2786,
1021 895 1208 976 3199,
1265 894 1433 960 3200
1489 890 1647 973 etc.)'.
1734 895 1791 958 In
1858 895 2057 959 Museo
2100 892 2409 955 Veronensi
2478 891 2616 969 (tab.
2662 886 2767 967 53,
2812 887 2889 967 6)

580 1002 660 1063 vir
703 1003 791 1062 est
831 1016 958 1062 cum
1003 1016 1173 1077 puero
1219 1000 1440 1061 hermae
1483 998 1750 1075 adstans3
1816 1013 1960 1073 quae
2015 996 2153 1057 ratio
2178 994 2439 1073 fingendi
2482 994 2749 1070 frequens
2800 1009 2890 1055 re-

581 1106 801 1183 peritur.
885 1103 1176 1180 Persimiie
1217 1117 1383 1163 Qmon
1439 1100 1581 1163 aeri
1608 1100 1843 1161 incisum
1910 1099 2092 1161 exstat
2132 1098 2191 1158 in
2234 1095 2373 1175 Exp.
2416 1096 2553 1161 Mor.
2601 1094 2756 1172 (Vol.
2804 1094 2891 1156 111.

581 1206 692 1269 tab.
743 1202 818 1271 17
864 1206 961 1284 fig.
1007 1205 1077 1277 3)
1133 1201 1298 1280 cirjus
1354 1203 1540 1263 tamen
1586 1202 1869 1279 inscriptio
1914 1200 2223 1263 oblitterata
2266 1200 2373 1261 est.
2424 1196 2737 1275 Ejusdem
2784 1214 2888 1277 ge-

580 1307 731 1371 neris
775 1322 926 1368 mon.
973 1304 1232 1367 describit
1273 1302 1544 1367 Rinckius
1590 1298 2097 1384 (Kunstb1.18·28
2140 1318 2198 1363 n.
2244 1298 2347 1378 44,
2390 1299 2507 1379 4)·
2560 1301 2651 1377 qui
2697 1302 2889 1362 tamen

582 1424 814 1486 puerum
863 1406 1090 1482 (mortui
1137 1406 1220 1468 vel
1263 1404 1438 1468 filium
1485 1405 1572 1468 vel
1616 1401 1931 1478 servulum)
1976 1420 2075 1483 pro
2120 1404 2285 1484 genio
2330 1404 2535 1466 vendit.
2624 1402 2709 1464 cf.
2750 1402 2891 1465 c.1.

584 1506 772 1572 3340.
817 1509 975 1584 (Vir
1007 1498 1299 1589 imberbis
1343 1518 1604 1589 togatus
1634 1507 1948 1588 planipeS,
1994 1508 2181 1588 hujus
2226 1508 2313 1569 ad
2344 1509 2625 1571 dextram
2666 1504 2890 1567 herma

583 1610 926 1688 imberbis)··
1016 1610 1216 1675 Ibidem
1261 1607 1487 1685 (2426)
1546 1610 1635 1673 hic
1675 1610 1871 1672 titulus
1927 1609 2153 1689 legitur:
2220 1600 2257 1671 ὁ
2306 1608 2519 1693 δῆμος
2564 1609 2893 1691 στεφανοῖ

581 1714 802 1798 χρυσῷ
869 1712 1178 1797 aremari&
1231 1703 1595 1796 Εῧρυθμον
1636 1705 2011 1791 Ἐπιτύχεος
2080 1706 2471 1794 προμοίρως
2516 1702 2890 1789 βιώσαντα.

577 1806 1283 1896 ζΕλικωνιόες·Ἑρμίου.
1379 1810 1432 1873 Is
1499 1814 1719 1891 positus
1781 1815 1873 1875 est
1926 1813 2034 1875 sub
2080 1812 2421 1893 anaglypho,
2488 1810 2634 1888 quod
2701 1826 2890 1887 neque

583 1919 730 1979 recte
771 1914 1065 1993 descripsit
1107 1912 1422 1977 Boeckhius
1477 1931 1657 1992 neque
1702 1917 1846 1977 recte
1898 1915 2113 1980 videtur
2154 1914 2485 1993 expiicasse.
2587 1913 2727 1978 Vir*
2746 1914 2890 1993 pal-

586 2020 800 2096 liatus,
859 2016 1060 2094 inquit,
1117 2037 1354 2080 corona
1397 2018 1695 2081 Hermam
1742 2020 2009 2099 cingens
2052 2018 2340 2080 adstante
2382 2016 2663 2079 muliere.
2763 2016 2888 2081 Vir

584 2120 889 2202 palliatus
942 2128 1050 2181 aut
1092 2120 1366 2200 populus
1421 2122 1559 2199 ipse
1624 2130 1731 2183 aut
1786 2122 2198 2203 magistratus
2250 2132 2342 2191 est
2388 2139 2707 2186 coronans
2750 2120 2892 2183 Eu-

588 2224 822 2311 rythmi
863 2222 1225 2303 imaginem
1293 2223 1511 2297 mulier
1566 2224 1827 2287 adstans
1871 2233 1962 2286 est
2005 2224 2384 2291 Heliconiae
2444 2242 2610 2311 uxor
2654 2223 2893 2303 opinor

587 2322 952 2411 Eurythmi.
1043 2325 1112 2385 At
1154 2324 1209 2385 in
1257 2323 1488 2410 Claracii
1534 2324 1721 2387 tabula
1766 2322 1939 2403 (155,
1984 2321 2141 2411 269)
2201 2306 2369 2405 (quae
2414 2327 2693 2403 praeterea
2738 2339 2808 2385 eo
2856 2341 2895 2385 a

588 2425 851 2515 Boeckiiii
875 2424 1242 2501 descriptione
1285 2425 1480 2503 differt,
1527 2425 1674 2503 quod
1718 2427 1919 2490 femina
1963 2427 2039 2489 ibi
2085 2426 2293 2487 sedens
2338 2427 2513 2489 efficta
2556 2427 2609 2485 et
2648 2425 2897 2503 insuper

589 2531 810 2600 hermae
855 2528 1091 2591 adstans
1137 2528 1436 2617 puerulus)
1484 2544 1595 2593 non
1642 2529 1870 2593 coronat
1915 2527 1992 2591 vir
2036 2528 2302 2606 hermam,
2356 2528 2459 2591 sed
2503 2543 2730 2603 manum
2773 2527 2890 2588 im·
3018 2545 3028 2561 ·

586 2629 740 2712 ponit
784 2630 908 2709 ejus
955 2630 1132 2708 capiti.
1219 2627 1282 2692 Si
1326 2631 1470 2694 enim
1519 2634 1733 2696 mortuo
1778 2647 2003 2698 corona¹
2027 2631 2247 2696 decreta
2290 2632 2433 2707 erat,
2482 2631 2555 2699 ad
2598 2645 2721 2692 eam
2766 2645 2889 2691 rem

587 2733 1010 2812 significandam
1080 2731 1392 2795 sufficiebat
1454 2749 1661 2794 corona
1716 2733 1770 2793 in
1816 2749 2089 2810 marmore
2134 2733 2373 2812 caelata,
2436 2747 2587 2808 quae
2632 2731 2796 2792 verba
2846 2721 2885 2793 ὃ

589 2827 799 2918 δῆμος
854 2832 1218 2896 includeret.·-
1263 2831 1403 2894 Huic
1469 2834 1632 2914 igitur
1698 2834 1865 2898 simul
1910 2852 2035 2902 cum
2098 2851 2303 2901 corona
2366 2850 2539 2896 aurea
2592 2832 2897 2912 imaginem

589 2935 900 3019 ponendam
963 2934 1238 2996 decretam
1305 2935 1516 3014 fuisse,
1576 2953 1649 2998 ex
1691 2938 2050 2999 monumento
2090 2941 2348 3024 apparet,
2394 2939 2489 2998 *ut
2552 2936 2607 3000 in
2652 2935 2900 3009 decreto,

589 3039 734 3116 quod
779 3053 950 3116 supra
1003 3037 1180 3116 citavi,
1245 3037 1467 3100 disertis
1536 3037 1717 3100 verbis
1784 3037 1984 3100 dictum
2040 3039 2149 3106 est.
2238 3039 2515 3121 Imagines
2578 3043 2767 3100 autem
2836 3038 2895 3100 in

589 3155 862 3208 marmore
927 3155 1228 3216 expressae
1293 3141 1429 3202 sunt
1482 3141 1679 3202 mortui
1738 3140 1921 3218 ipsius
1990 3142 2288 3217 uxorisque
2346 3139 2689 3228 superstitis
2718 3138 2891 3216 ,iuxta

588 3240 740 3310 illius
783 3240 1049 3300 hermam.
1139 3239 1225 3308 Ex
1270 3240 1374 3301 hoc
1417 3241 1793 3318 exemplorum
1850 3256 2135 3305 consensu
2192 3242 2331 3322 cippi
2376 3241 2557 3304 Musei
2602 3240 2892 3318 CattaJen-

587 3342 672 3410 sis
716 3340 1103 3420 argumentum
1148 3342 1549 3422 explicaverim,
1595 3342 1759 3420 cujus
1804 3343 2135 3407 mentionem
2180 3345 2305 3406 fecit
2350 3343 2668 3430 Gerhardus
2714 3345 2895 3424 (Anu.

470 3469 476 3478 ·
587 3443 640 3512 d.
684 3441 818 3513 lust
869 3433 1152 3520 1,137)·
1223 3443 1358 3509 Tra
1402 3466 1488 3509 un
1531 3467 1727 3532 uomo
1758 3448 1826 3508 in
1865 3447 2049 3527 piedi
2103 3449 2182 3510 ed
2220 3467 2349 3508 una
2393 3450 2605 3511 donna
2640 3447 2896 3522 sedata,

587 3565 672 3610 un
717 3565 877 3613 erma
917 3546 1266 3628 giovanile,
1319 3546 1500 3630 forse
1545 3549 1615 3611 di
1656 3569 1741 3612 un
1792 3551 2112 3616 Mercurio
2154 3546 2493 3632 infernale,
2549 3570 2590 3611 a
2636 3551 2743 3612 cui
2783 3569 2895 3612 ve-

584 3650 723 3734 desi
763 3650 1167 3732 appoggiato
1209 3649 1308 3732 :un
1345 3647 1678 3732 laraciullo.
1766 3653 1832 3713 At
1874 3650 2123 3716 Mercurii
2168 3651 2361 3716 inferni
2404 3653 2653 3732 hermam
2696 3651 2753 3714 in
2796 3650 2897 3712 his

588 3749 964 3830 monumentis
1007 3745 1545 3828 cerni,'inauditurn
1592 3756 1710 3831 est,
1765 3769 1944 3830 neque
1987 3753 2103 3815 ullo
2146 3755 2397 3834 exemplo
2424 3754 2745 3840 ¹indubitato
2791 3752 2898 3814 de-

589 3851 883 3919 monstrari
928 3851 1110 3929 potest
1121 3872 1138 3929 ;
1203 3846 1448 3919 hermam
1505 3857 1562 3916 in
1606 3855 1873 3919 honorem
1940 3856 2035 3918 viri
2100 3856 2376 3942 adstantis
2444 3847 2687 3936 positum
2758 3869 2901 3916 esse

585 3955 920 4033 putabimus.
1051 3953 1333 4020 Difficilior
1407 3957 1677 4036 explicatu
1756 3958 1844 4020 est
1912 3958 2053 4038 lapis
2120 3956 2501 4040 Smyrnaeu8‚
2580 3972 2743 4034 quem
2814 3956 2898 4018 ita

586 4056 879 4134 descripsit
921 4056 1222 4120 Reinesius
1270 4049 1444 4134 (1215
1473 4054 1703 4134 3226):
1746 4058 2014 4139 Sculpta
2056 4071 2267 4125 statua
2311 4063 2401 4125 ad
2442 4063 2722 4124 dextram
2736 4083 2759 4132 ,-
2808 4062 2907 4122 ad

590 4161 906 4226 sinistram
953 4162 1176 4240 cippus
1219 4162 1567 4244 quadratus
1611 4163 1716 4222 cui
1768 4173 1958 4241 caput
2012 4167 2184 4227 senis
2224 4155 2729 4246 βαθυπώγωνος
2774 4162 2903 4224 im-

587 4265 856 4348 positum
902 4265 1234 4355 subterque
1279 4265 1539 4330 adstans
1576 4277 1771 4364 puer}
1816 4266 1903 4328 ad
1943 4267 2223 4328 dextram
2259 4275 2506 4330 statuae
2524 4261 2906 4347 fasciculus
