3059 5250
1228 453 1367 518 ⁴11

60 644 71 649 ·
169 643 629 707 personnayes‚
696 628 807 708 qm·
846 638 995 690 sone
1038 627 1529 691 ordinairemenae
1572 625 1836 705 dibeat,
1901 640 1958 692 ee
2011 635 2200 715 qu'on
2244 653 2466 698 recow

174 731 309 792 nait
338 724 707 813 facilemene
748 747 918 808 pour
970 727 1065 792 les
1115 729 1441 792 individue
1482 731 1564 793 de
1605 749 1680 792 sa
1707 731 1989 811 parente'.
2079 735 2142 797 ΙΙ
2177 755 2228 821 9
2270 757 2310 798 α
2353 757 2469 800 eon

173 828 325 912 pere
368 850 453 894 ou
491 849 607 893 son
650 829 893 912 ἕρσαι-τ,
958 829 1015 894 it
1062 851 1115 918 9
1156 851 1199 893 α
1242 830 1379 894 leur
1420 828 1680 914 enfant,
1747 833 1804 897 il
1847 855 1900 920 9
1943 854 1984 895 α
2037 835 2168 898 tres
2208 850 2471 902 souvent

176 951 299 995 une
340 941 519 995 autre
557 929 804 1014 femme,
869 935 996 996 soit
1040 951 1229 996 aoeur
1268 953 1351 997 ou
1383 933 1523 1013 fille
1565 955 1652 998 ou
1694 934 1880 1012 mere,
1945 939 2058 1019 qm·
2095 938 2392 1018 presente*
2431 943 2471 1004 ὰ

178 1035 241 1097 la
267 1032 504 1118 femme
564 1036 763 1098 ossi-re
826 1054 951 1097 une
1014 1044 1277 1098 cas-seete
1343 1037 1606 1118 remptie.
1662 1040 1743 1102 de
1805 1039 2094 1104 cadem
2149 1038 2472 1124 funebres.

175 1136 265 1204 Je
306 1140 411 1202 dis
452 1157 579 1200 une
613 1134 833 1220 semme
874 1139 1077 1202 assiae
1116 1149 1179 1202 et
1222 1157 1301 1201 en
1344 1139 1544 1204 ve'rite'
1580 1141 1635 1205 il
1654 1141 1899 1223 paroeft,
1945 1161 2066 1225 que
2110 1163 2219 1206 ces
2257 1165 2474 1210 monu-

180 1251 393 1304 menta·
422 1240 653 1304 etaient
696 1241 1019 1322 beaucoup
1063 1241 1215 1322 plus
1256 1254 1517 1307 enervent
1561 1241 1774 1326 e'rige‘s
1837 1244 1880 1308 ὰ
1921 1245 1986 1308 la
2029 1247 2320 1310 memoire
2364 1249 2476 1311 des

174 1343 437 1427 femmes
496 1346 641 1427 qu'ck
696 1343 849 1407 celle
898 1345 1013 1407 des
1068 1343 1365 1421 hommes,
1422 1345 1513 1409 ‘de
1569 1358 1744 1410 sorte
1793 1347 1951 1431 qu'il
2023 1346 2170 1428 faut
2223 1351 2476 1414 deman-

180 1449 324 1523 ἄεν,
388 1467 510 1520 par
552 1446 753 1530 quelle
796 1449 1017 1510 raison
1068 1447 1478 1528 particuliere
1547 1447 1638 1512 les
1689 1449 1987 1514 habitans
2039 1454 2118 1514 de
2173 1450 2478 1534 I‘Am‘que

180 1551 533 1632 erigeaient
599 1550 711 1612 des
776 1567 1131 1613 monumens
1196 1552 1277 1612 de
1351 1552 1415 1614 la
1476 1551 1686 1632 forme
1773 1554 1852 1614 de
1938 1551 2088 1616 εῑὲὶε
2149 1556 2474 1636 principa-

182 1652 403 1714 [emeat
468 1651 509 1714 ὰ
574 1649 795 1713 l'autre
848 1651 1039 1716 sexe!
1160 1649 1339 1725 Quam
1407 1653 1894 1732 interrogationem
1949 1653 2258 1731 dissolvere
2301 1659 2484 1734 potest

178 1768 345 1815 nemo
430 1769 591 1816 sane.
643 1817 651 1824 ,
723 1750 961 1816 Talibus
1038 1752 1521 1816 observationibus
1598 1753 1976 1831 suspicionem
2068 1760 2480 1836 exspectaveris

181 1856 386 1918 saltem
432 1858 641 1917 motum
687 1855 780 1932 iri,
845 1870 977 1916 num
1022 1856 1229 1919 sedens
1274 1872 1495 1934 semper
1541 1855 1760 1918 effictus
1804 1855 1879 1918 sit
1920 1856 1972 1918 is
2017 1859 2106 1921 eni
2149 1875 2480 1923 monumen-

182 1960 298 2020 tum
343 1957 583 2020 dicatum
626 1943 819 2034 fuerit3
858 1956 961 2019 sed
1006 1973 1080 2020 ne
1122 1958 1395 2021 labefacta
1436 1957 1654 2034 quidem
1697 1960 1786 2019 est
1827 1956 2044 2036 opinio,
2111 1975 2276 2036 quam
2321 1961 2484 2039 ipsos

180 2060 275 2136 qui
322 2059 481 2138 primi
520 2073 645 2120 eam
688 2058 1045 2120 enuntiarunt
1086 2059 1213 2122 suis
1252 2057 1792 2138 interpretationibus
1823 2057 2181 2138 redarguisse
2225 2061 2484 2125 vidimuS.

183 2161 387 2238 Neque
428 2159 739 2223 Claraeium
796 2158 981 2234 latuit,
1046 2160 1283 2224 seminas
1346 2161 1671 2239 plerumque
1723 2161 1988 2224 sedentes
2053 2162 2270 2225 effictas
2321 2179 2485 2241 esse3

182 2263 427 2326 maxime
466 2261 523 2324 in
568 2259 760 2324 coenis
804 2277 947 2338 quas
990 2262 1255 2326 funebres
1288 2263 1507 2343 dieunt3
1549 2264 1650 2344 qui
1694 2265 1876 2326 tamen
1923 2280 1992 2326 ex
2031 2279 2100 2326 ea
2143 2280 2204 2326 re
2245 2281 2484 2343 prorsus

182 2364 515 2428 contrariam
578 2361 950 2441 conjecturam
1016 2364 1143 2430 fec-it
1205 2365 1275 2428 de
1339 2366 1511 2446 hujus
1575 2365 1798 2430 habitus
1863 2365 2284 2445 significatione.
2381 2365 2484 2430 Sin

60 2537 73 2542 ,
178 2470 371 2530 autem
416 2465 530 2528 duo
572 2481 643 2526 ex
686 2482 801 2528 uua
844 2482 905 2528 re
944 2468 1023 2529 ita
1066 2469 1430 2545 concludunt,
1474 2473 1538 2530 ut
1580 2469 1808 2544 uterque
1849 2466 1958 2528 sibi
2003 2465 2222 2542 quidem
2267 2469 2486 2530 oonstet

181 2569 346 2634 alteri
388 2571 573 2633 autern
618 2567 987 2647 contradicat,
1052 2584 1123 2631 ex
1165 2569 1271 2633 hae
1313 2585 1372 2631 re
1412 2556 1598 2647 neque
1651 2569 1796 2631 hano
1839 2581 2018 2644 neque
2057 2566 2210 2630 illam
2255 2569 2488 2632 conetu-

184 2674 407 2736 sionem
451 2670 565 2733 fieri
609 2686 783 2750 posse
837 2686 937 2750 per
978 2687 1045 2733 se
1088 2672 1253 2750 patet.
1337 2667 1536 2756 Musee
1589 2672 1660 2733 de
1703 2668 2024 2767 sculpture,
2091 2668 2256 2733 Tom.
2304 2670 2382 2750 n.‚
2435 2672 2486 2748 1,

180 2792 237 2853 p.
292 2770 439 2836 726.
484 2788 544 2837 n.
584 2769 735 2836 287.
824 2774 889 2837 Il
922 2773 1291 2855 paraitrat't,
1356 2774 1562 2852 inquit,
1619 2794 1740 2858 que
1761 2792 1864 2841 ces
1908 2762 2272 2857 bas-'reliess
2315 2795 2486 2839 com-

186 2874 581 2959 memoratifs
646 2874 877 2939 etaient
949 2875 1139 2944 voue‘s
1188 2896 1313 2957 par
1374 2878 1440 2941 la
1478 2874 1726 2959 femme,
1790 2877 1905 2959 qui
1941 2896 1992 2961 9
2035 2885 2130 2938 est
2156 2873 2486 2957 frequem-

184 2990 351 3043 ment
396 2980 629 3055 αεεὶεε,
694 2987 755 3041 et
798 2980 913 3062 qui
952 2980 1203 3044 rendait
1244 2998 1317 3043 ce
1358 2981 1614 3043 dernier
1655 2988 1716 3043 et
1761 2980 1944 3041 triste
1985 2977 2316 3059 hommage
2355 2998 2490 3041 aux

180 3100 425 3164 parens
464 3100 594 3145 aux
636 3080 813 3164 quees
856 3080 973 3145 elle
1012 3084 1189 3146 avait
1231 3081 1513 3145 surve'cu.
1601 3082 1854 3143 Attamen
1899 3080 1951 3141 si
1995 3080 2307 3161 putaveris,
2351 3083 2492 3159 quia·

186 3187 239 3247 in
285 3186 401 3249 hoc
460 3184 516 3245 et
555 3184 612 3244 in
658 3182 989 3259 quibusdam
1052 3184 1181 3249 aliis
1232 3184 1610 3247 monumentis
1673 3198 1768 3245 res
1821 3183 1898 3245 ita
1959 3198 2026 3245 se
2069 3182 2296 3262 habeat,
2359 3184 2486 3247 ideo

186 3290 240 3351 in
310 3287 631 3351 universum
708 3284 954 3347 obtinere
1026 3285 1173 3347 hanc
1235 3285 1710 3360 observationem,
1787 3284 2136 3347 vehementer
2198 3287 2487 3348 erraveris.

190 3390 483 3454 Claracius
524 3388 710 3451 autem
764 3385 819 3447 id
862 3371 1004 3449 adeo
1048 3384 1152 3449 sibi
1196 3387 1502 3467 persuasit,
1567 3388 1629 3449 ut
1671 3402 1782 3449 non
1828 3384 2034 3449 dubitet
2075 3386 2492 3463 inscriptionem

190 3492 485 3557 marmoris
526 3489 687 3553 Attici
725 3481 887 3571 ’.Ωδὴ
928 3481 1393 3575 Ἀπολήξιδος,
1434 3489 1493 3551 in
1537 3505 1648 3566 quo
1688 3485 1934 3570 femina
1971 3488 2197 3551 sedens
2239 3506 2482 3551 manum

188 3596 477 3677 porrigit
522 3596 661 3657 viro
704 3590 974 3655 barbato
1003 3595 1022 3628 ¹
1049 3588 1135 3668 ¹),
1200 3591 1281 3654 ita
1322 3591 1660 3669 interpretari
1701 3591 1866 3668 quasi
1911 3589 2026 3653 hoe
2069 3592 2484 3653 monumentum

190 3696 259 3759 ab
307 3695 429 3759 Ode
469 3694 705 3758 dicatum
748 3694 843 3772 sit,
885 3693 1033 3771 quod
1077 3693 1192 3756 fieri
1236 3693 1463 3756 omnino
1502 3694 1618 3757 non
1665 3698 1848 3773 potest
1873 3691 1967 3770 *Ἲς

334 3947 407 4009 ¹¹)
444 3962 487 4001 v.
528 3947 591 4020 pt.
632 3964 677 4019 p.
717 3948 834 4014 181,
871 3962 921 4001 n.
961 3947 1078 4003 208.
1118 3948 1177 4004 'eL
1215 3945 1272 4001 D.
1309 3946 1347 4001 1.
1382 3964 1431 4005 n.
1474 3948 1624 4003 1022

332 4065 411 4129 ¹2)
440 4064 544 4121 Sibi
583 4067 685 4138 ipse
722 4066 1001 4121 adversatur
1034 4064 1177 4206 (Μιιζ.
1218 4064 1473 4139 d.Scu1pt.
1512 4064 1572 4119 T.
1599 4064 1676 4121 11..
1712 4038 1778 4121 9.Ι
1801 4082 1846 4137 p.
1883 4064 2005 4134 836,
2043 4063 2128 4121 37.
2166 4079 2214 4115 n.
2251 4064 2484 4131 410.A.)‚

194 4152 271 4207 nbi
327 4150 571 4208 mulierem
626 4153 724 4206 viro
779 4153 824 4207 in
878 4152 1004 4209 lecto
1060 4169 1118 4207 cu
1154 4152 1253 4208 anti
1310 4150 1604 4207 assidentem
1659 4165 1854 4205 uxorem
1907 4150 2036 4205 illius
2093 4153 2324 4205 mortuam
2377 4168 2486 4207 esse

195 4236 327 4293 dicit.
