3059 5250
211 663 504 749 fortasse
541 678 671 723 non
713 653 1050 741 defunctus
1095 666 1218 729 est,
1285 658 1402 719 sed
1451 666 1767 737 superstes
1811 658 2069 723 maritus
2110 658 2222 741 qui
2264 676 2515 723 coenam

219 765 566 847 funebrem·
593 760 884 824 celebrat.
974 756 1352 837 Superstesne
1405 757 1571 837 igitur
1623 758 1853 821 maritus
1918 775 2043 822 cum
2090 776 2257 823 uxore
2301 761 2555 833 mortuas

221 882 456 930 coenam
499 863 782 926 funebrem
848 861 904 923 in
961 861 1226 945 honorem
1273 856 1571 922 mortuae?
1656 860 1726 922 At
1778 860 1849 923 de
1890 876 1957 923 ea
2012 877 2071 923 re
2137 862 2279 924 inira
2320 861 2515 924 dicam.

219 966 334 1031 Sed
381 967 550 1029 virum
596 980 664 1026 eo
687 967 954 1041 -tempore
993 977 1106 1039 quo
1159 961 1582 1025 monumentum
1640 966 1955 1040 reponetur,
2004 963 2185 1026 vivum
2240 976 2374 1023 esse
2412 976 2515 1039 po-

217 1071 400 1133 tuisse
461 1067 626 1130 docet
688 1082 743 1127 v.
821 1081 872 1127 c.
961 1080 1200 1127 marmor
1271 1064 1328 1125 in
1393 1062 1532 1126 Add.
1578 1060 1787 1141 ,3722
1827 1063 1889 1126 b.
1953 1064 2327 1142 descriptum3
2424 1062 2517 1125 ubi

217 1171 336 1235 sub
359 1167 768 1262 anaylyphog-
791 1186 916 1250 quo
961 1175 1468 1248 repraesentatur
1519 1168 1619 1229 vir
1672 1168 1741 1229 in
1785 1166 1945 1231 lecto
1988 1164 2299 1231 recubans
2352 1167 2521 1229 assi-

214 1277 408 1339 dente
451 1274 539 1335 ad
557 1272 874 1333 sinistram
903 1266 1176 1355 semina,
1220 1268 1356 1331 haec
1377 1268 1665 1362 leguntur:
1704 1261 2235 1353 Ἐπαφρόόειτος
2265 1260 2401 1353 Εἴᾳ
2424 1268 2517 1339 (ἳ)

215 1376 326 1462 τῇ
359 1368 613 1457 γυναικὶ
647 1362 1022 1458 συνζησάσῃ
1047 1363 1226 1456 αὐτῷ
1272 1366 1386 1456 ἔτη
1431 1392 1504 1435 κε
1536 1362 1795 1455 μνήμης
1835 1364 2047 1455 χάριν.
2091 1369 2381 1459 Eiautem
2404 1384 2515 1445 quo

211 1476 533 1543 Boeckhius
557 1475 726 1538 utitur
765 1474 938 1547 (Add.
966 1469 1152 1539 2322.
1171 1471 1344 1550 b⁹·.)‚
1388 1475 1448 1537 ut
1490 1473 1683 1551 probet
1707 1472 1957 1553 Cyclillae
2000 1473 2265 1551 posuisse
2312 1486 2513 1535 monu-

213 1581 464 1643 mentum
530 1577 784 1639 maritum
829 1573 1205 1652 superstitem,
1270 1590 1384 1637 non
1429 1576 1661 1652 multum
1729 1574 2028 1638 tribuerim.
2116 1574 2259 1639 Nam
2316 1572 2513 1634 inscri-

212 1682 330 1761 ptio
375 1680 482 1743 sub
525 1675 850 1759 anaglypho
895 1688 1126 1739 coenam
1173 1679 1622 1765 repraesentante
1659 1676 1801 1741 'haec
1844 1680 1959 1739 est:

1217 1796 1514 1859 ΣΙΝΔΗ

987 1892 1396 1961 ΧΡΗΣΓΕ
1434 1898 1749 1972 ΧΑΙΡΕ,

210 2036 380 2099 quam
426 2019 498 2082 ad
541 2018 716 2081 virum
761 2017 1030 2096 pertinere
1076 2018 1237 2095 put03
1291 2032 1402 2079 non
1449 2018 1595 2079 enim
1650 2018 1947 2081 admodum
1994 2016 2305 2095 verisimilis
2364 2014 2513 2077 vide-

207 2124 304 2185 tur
347 2118 660 2183 emendatio
701 2117 971 2181 Boeckhii
1013 2110 1284 2202 χρηστή,
1341 2119 1391 2180 si
1437 2118 1735 2182 litterarum
1782 2120 1993 2183 formas
2036 2115 2294 2181 accurate
2336 2114 2512 2193 inspi-

211 2226 354 2286 cias,
441 2216 686 2304 Σίνδης
751 2236 950 2282 nomen
1006 2221 1284 2299 proprium
1351 2222 1447 2283 viri
1501 2238 1637 2285 esse
1690 2222 1893 2302 potuit,
1954 2236 1989 2283 a
2054 2236 2165 2298 quo
2230 2218 2513 2282 vocativus

207 2320 436 2409 Σίνδη.
527 2322 669 2385 Cum
725 2322 814 2385 his
857 2322 1091 2400 denique
1133 2319 1447 2405 Smyrnaea
1499 2324 1769 2402 quaedam
1838 2323 2131 2389 marmora'
2177 2320 2511 2386 conferenda

211 2428 375 2503 suut,
421 2440 565 2503 quae
607 2424 839 2487 eandem
885 2424 1186 2488 ostendunt
1227 2426 1545 2506 imaginem.
1634 2428 1699 2489 G.
1744 2426 1782 2489 1.
1836 2426 2028 2492 3383.
2148 2424 2280 2489 ibid.
2325 2419 2511 2487 3389.

209 2527 443 2591 Titulus
487 2528 603 2587 est:
644 2525 977 2589 Σεκοῦνδος
1017 2518 1306 2610 Φαύστῳ
1349 2522 1502 2611 ἰδίῳ
1539 2521 1727 2611 ἀνδρὶ
1772 2525 1879 2591 καὶ
1934 2522 2271 2591 Φιλαινίδι
2307 2524 2511 2607 τέκνῳ

208 2622 367 2714 ἰδίῳ
415 2620 676 2712 μνήμης
726 2620 936 2712 χάριν.
1035 2627 1299 2691 Dubitare
1364 2629 1560 2707 possis
1625 2631 1807 2692 utrum
1873 2629 2043 2692 filiam
2099 2631 2369 2690 mortuam
2436 2643 2511 2688 an

204 2730 442 2793 matrem
487 2730 842 2807 superstitem
887 2729 1164 2811 significet
1203 2730 1384 2810 figura
1420 2730 1661 2794 sedens:
1701 2730 1821 2795 hoc
1861 2734 2048 2794 autem
2092 2747 2161 2794 ex
2205 2733 2509 2793 ceterorum

207 2835 696 2895 monumentorum
721 2847 1006 2895 consensu
1049 2831 1404 2896 verisimilius
1449 2833 1678 2896 videtur.
1767 2832 1979 2907 Quodsi
2022 2832 2319 2913 imaginem
2364 2832 2511 2894 filiae

207 2932 520 3012 desideum,
584 2931 710 3010 ejus
765 2933 1166 3014 discrepantiae
1229 2935 1370 2996 inter
1421 2937 1636 3016 figuras
1690 2935 1936 2997 caelatas
2001 2936 2055 2998 et
2097 2935 2521 3012 inscriptionem·

209 3051 280 3099 ea
325 3051 502 3100 causa
545 3035 645 3097 fuit
688 3035 963 3114 sortasse,
1029 3053 1194 3115 quam
1238 3036 1576 3100 Paoiaudius
1630 3034 1837 3115 putavit
1888 3049 2025 3097 esse
2086 3036 2146 3098 in
2187 3034 2511 3115 anaglypho

207 3155 246 3200 a
291 3153 358 3199 se
399 3137 693 3218 descripto.
781 3138 962 3213 (Mon.
1007 3139 1204 3217 Pelop.
1259 3134 1324 3216 2,
1367 3136 1540 3215 246).
1625 3137 1727 3201 Ubi
1781 3155 1905 3200 cum
1962 3137 2156 3200 mulier
2208 3137 2263 3200 in
2307 3136 2511 3200 cellula

208 3241 394 3303 efficta
437 3240 512 3302 sit
551 3241 782 3320 sedenS‚
825 3241 938 3304 viro
983 3243 1151 3304 stanti
1197 3257 1422 3305 manum
1455 3240 1741 3320 JungenS‚
1784 3241 2067 3320 inscriptio
2120 3241 2306 3304 autem
2362 3239 2507 3302 dicat

207 3341 608 3405 Heracleonem
674 3344 730 3404 et
787 3340 1101 3421 Epaphi-am
1177 3342 1286 3405 hoc
1349 3344 1768 3405 monumentum
1831 3341 2121 3422 Eugeniae
2186 3341 2344 3403 matri
2422 3340 2510 3402 di:

213 3459 412 3520 easse3
459 3441 584 3520 ejus
629 3443 705 3505 rei
750 3459 980 3506 causam
1027 3443 1218 3506 horum
1247 3445 1624 3524 paupertatem
1670 3443 1849 3506 misse
1892 3443 2135 3524 conjicit:
2179 3439 2509 3506 Prostitis-

209 3566 277 3608 se
323 3548 480 3609 enim
527 3548 596 3609 in
639 3546 1057 3625 lapicidarum
1090 3546 1376 3631 officinis
1405 3558 1793 3629 praeparata
1822 3551 1963 3629 jam
2006 3567 2047 3610 a
2081 3547 2509 3609 marmorariis

207 3647 506 3729 vulgaria
549 3650 850 3730 quaedam
918 3659 1284 3740 toreumata,
1335 3669 1543 3712 cenum
1583 3647 1957 3732 feminarum
2023 3659 2131 3712 aut
2156 3657 2161 3662 '
2170 3667 2507 3730 puerorum

203 3761 400 3830 prout
465 3769 624 3830 opus
691 3763 850 3814 esset
904 3752 1157 3816 tumulis
1243 3753 1543 3832 aptanda.
1634 3753 1843 3816 -Haec
1904 3772 2064 3816 saxa
2116 3751 2229 3816 vili
2298 3751 2507 3830 pretio

207 3852 485 3928 vendita,
527 3853 714 3935 quale
753 3875 910 3918 suae
953 3858 1050 3920 rei
1091 3857 1354 3940 quisque
1387 3856 1911 3919 accommodatum
1947 3864 2235 3937 putarem
2281 3855 2509 3917 deinde

209 3955 686 4035 inscriptionem
731 3977 866 4020 esse
909 3960 1170 4022 incisam
1184 4003 1204 4037 ‚
1261 3978 1426 4040 quae
1467 3955 1735 4037 scrdptis
1758 3961 1899 4037 jam
1943 3954 2335 4039 imaginibus
2377 3974 2507 4018 non

211 4075 455 4138 semper
498 4059 856 4122 conveniret
886 4057 961 4137 ⁹).
1047 4059 1129 4122 Ad
1174 4062 1320 4123 hane
1363 4075 1476 4122 rem
1519 4057 1861 4138 probandam
1907 4058 2142 4122 multum
2186 4057 2344 4135 facit,
2390 4058 2503 4136 pri-

211 4344 248 4399 C
353 4257 400 4399 ’1)
437 4257 656 4400 {andem
703 4263 994 4316 sententiam
1039 4263 1292 4334 proposuit
1326 4257 1765 4316 Winckelmannus
1820 4255 2057 4325 (Versuch
2102 4261 2235 4316 einer
2269 4259 2504 4331 Allegorie

248 4360 322 4416 ap.
395 4383 412 4411 ‚
487 4347 560 4408 8.)
