3059 5250
1642 486 1742 552 10

534 679 685 726 mum
730 663 879 740 quod
912 661 1107 742 eadem
1139 663 1381 743 fingendi
1428 662 1568 725 ratio
1611 661 1664 723 in
1711 661 1790 724 tot
1825 661 2198 727 monumentis
2245 658 2398 736 redit,
2441 657 2638 719 deiiide
2681 656 2848 732 quod

532 767 763 830 artificio
804 765 1063 828 mediocri
1106 781 1313 845 magna
1356 780 1490 844 pars
1530 779 1726 835 eorum
1769 761 2052 826 elaborata
2095 763 2202 825 est.

708 866 795 930 Ex
837 868 927 929 his
970 868 1137 947 igitur
1178 868 1319 930 satis
1364 883 1632 946 apparere
1677 867 1826 945 puto,
1871 865 2113 929 habiturn
2149 865 2397 927 sedentis
2441 863 2498 924 in
2541 861 2650 923 hoc
2693 876 2841 938 ope-

536 985 655 1032 rum
701 983 905 1050 genere
948 969 1159 1032 nullius
1204 970 1464 1032 momenti
1508 983 1644 1031 esse
1685 968 1758 1030 ad
1801 967 2257 1049 distinguendum
2303 967 2579 1029 mortuum
2645 979 2686 1025 a
2729 977 2856 1024 su--

536 1072 877 1152 perstitibuS.
965 1069 1177 1145 Quodsi
1222 1071 1312 1132 cui
1364 1071 1421 1133 in
1466 1069 1834 1150 congerendis
1889 1071 1961 1132 ad
2006 1071 2149 1132 hanc
2191 1069 2521 1131 sententiam
2567 1063 2840 1128 refellen-

536 1175 665 1236 dam
710 1173 979 1252 exemplis
1046 1172 1252 1237 nimius
1297 1173 1475 1236 tuisse
1539 1172 1749 1236 videar:
1805 1174 1865 1236 is
1921 1187 2010 1234 me
2063 1172 2116 1234 id
2172 1173 2378 1234 secisse
2421 1172 2573 1250 putet
2635 1169 2712 1232 ob
2757 1168 2846 1230 tot

534 1277 811 1338 tantorum
837 1275 1071 1337 virorum
1094 1275 1493 1355 auctoritatem,
1537 1276 1630 1354 qui
1653 1275 1786 1338 illud
1811 1291 1998 1338 vei-nm
2021 1291 2155 1338 esse
2178 1275 2284 1338 sibi
2307 1275 2710 1354 persuaserunt
2726 1269 2838 1348 ¹⁰).

708 1389 791 1456 Ad
836 1410 957 1456 eam
1002 1409 1117 1456 rem
1160 1394 1343 1476 igitur,
1406 1393 1477 1458 ad
1532 1411 1698 1472 quam
1753 1395 1850 1458 viri
1893 1394 2035 1458 docti
2090 1395 2236 1458 hano
2275 1393 2518 1474 fingendi
2563 1391 2836 1455 rationem

541 1495 809 1574 pertinere
853 1498 1142 1575 putarunt,
1206 1513 1558 1574 nequaquam
1603 1513 1726 1559 eam
1771 1497 2040 1575 pertinere
2082 1493 2534 1560 demonstratum
2565 1495 2684 1572 est3
2745 1493 2840 1554 al-

536 1601 654 1660 tera
697 1600 949 1675 quaestio
992 1601 1099 1678 est,
1144 1617 1277 1662 num
1322 1600 1547 1663 omnino
1587 1599 1834 1662 sedentis
1879 1599 2100 1662 habitus
2143 1616 2243 1678 pro
2289 1598 2508 1661 fortuito
2541 1594 2841 1658 habendus

539 1700 633 1762 sit.
720 1699 989 1778 Equidem
1054 1701 1201 1764 duas
1265 1701 1391 1779 ejiis
1438 1703 1511 1763 rei
1569 1717 1774 1764 causas
1841 1701 2023 1764 afferri
2089 1717 2262 1780 posse
2305 1702 2529 1779 opinor,
2594 1713 2834 1775 quarum

538 1801 713 1864 altera
757 1803 938 1880 posita
981 1804 1071 1864 est
1112 1803 1168 1865 in
1215 1803 1498 1865 varietatis
1540 1803 1746 1882 studim
1789 1819 1952 1882 quam
1999 1804 2132 1866 artis
2177 1819 2348 1882 opera
2391 1801 2703 1879 requirunt3
2747 1798 2836 1861 al-

538 1905 657 1966 tera
699 1903 753 1965 in
801 1904 941 1966 vitae
984 1905 1299 1968 communis
1344 1905 1778 1984 consuetudine,
1843 1891 2010 1984 quam
2055 1907 2214 1984 sequi
2259 1905 2532 1968 debebant
2573 1903 2838 1966 artifices,

540 2004 643 2068 Ubi
686 2007 742 2068 in
780 2023 1063 2070 marmore
1104 2009 1219 2071 tres
1255 2007 1516 2086 pluresve
1559 2009 1774 2087 figurae
1816 2008 2063 2072 caelatae
2103 2013 2239 2072 sunt
2281 2008 2472 2090 (nulla
2511 2013 2698 2076 tamen
2745 2021 2839 2068 ra-

538 2109 690 2172 tione
732 2107 919 2172 habita
960 2111 1311 2188 servulorum
1354 2127 1650 2188 puerorum
1694 2112 2054 2190 omniumque
2097 2111 2326 2174 minoris
2379 2110 2582 2188 speciei
2621 2109 2838 2186 figura-

541 2217 717 2289 rum),
760 2227 949 2274 earum
994 2228 1109 2274 una
1152 2212 1359 2274 sedens
1404 2213 1550 2276 solet
1593 2213 1774 2275 efficta
1815 2220 1979 2292 &sse3
2021 2215 2240 2293 quippe,
2283 2214 2338 2274 in
2385 2214 2463 2275 tot
2507 2211 2650 2273 euim
2677 2211 2837 2272 stan-

540 2312 675 2374 tium
718 2314 949 2390 aspectu
992 2312 1398 2376 desideraretur
1440 2317 1602 2394 grata
1645 2315 1904 2378 varietas·
1997 2316 2156 2390 Quod
2201 2323 2386 2378 autem
2431 2314 2488 2377 in
2531 2327 2836 2374 coenarum

544 2413 859 2494 simulacris
904 2430 1135 2478 mensae
1176 2415 1513 2478 accumbunt
1535 2416 1671 2495 wiri,
1715 2417 1976 2480 assident
2011 2417 2280 2493 feminae,
2324 2419 2388 2480 ut
2429 2415 2544 2478 fere
2583 2429 2838 2492 semper:

544 2514 597 2577 id
640 2515 764 2580 ideo
808 2516 1011 2580 factum
1056 2519 1163 2595 est,
1204 2517 1353 2595 quod
1398 2518 1541 2580 vitae
1585 2520 1898 2582 communis
1941 2535 2106 2580 usum
2152 2520 2354 2581 referre
2385 2517 2660 2581 debebant
2701 2517 2838 2580 haec

542 2619 679 2681 artis
722 2617 919 2698 opera:
982 2637 1095 2698 qua
1136 2637 1205 2685 ex
1248 2638 1307 2684 re
1362 2621 1490 2684 sola
1534 2623 1681 2698 patet
1725 2637 2069 2699 nequaquam
2130 2622 2398 2701 pertinere
2441 2619 2690 2683 sedentis
2734 2617 2836 2679 ha-

484 2728 491 2741 '
541 2721 715 2784 bitum
758 2722 827 2785 ad
874 2724 1067 2785 mortis
1111 2723 1591 2801 significationem.
1679 2721 1826 2785 Sed·
1859 2725 2072 2801 praeter
2115 2722 2220 2785 hoo
2285 2738 2468 2802 genus
2533 2720 2836 2801 imaginum

544 2822 633 2885 vix
672 2822 822 2885 aliud
866 2824 1174 2905 inveneriS‚
1218 2824 1275 2886 in
1320 2839 1431 2901 quo
1472 2824 1616 2887 idem
1663 2825 1848 2887 status
1889 2826 2210 2887 constanter
2253 2830 2512 2888 servatus
2556 2825 2658 2897 sit;
2701 2825 2835 2886 sunt

469 2936 474 2941 ·
543 2929 727 2987 tamen
793 2927 1037 3006 fingendi
1104 2927 1375 3005 ratione&
1438 2942 1582 3005 quae
1645 2926 1989 3003 frequentius
2053 2928 2181 2991 aliis
2230 2928 2482 2991 redeant.
2570 2925 2839 2988 Dominae

541 3044 671 3092 cum
714 3030 967 3106 ancilliS‚
1033 3030 1239 3111 matres
1304 3046 1431 3093 cum
1496 3030 1684 3093 liberis
1747 3029 2014 3091 sedentes
2077 3028 2398 3107 plerumque
2463 3030 2525 3092 ut
2577 3044 2670 3090 res
2717 3028 2836 3104 fert,

541 3130 763 3193 effictae
806 3136 969 3208 sunt3
1032 3132 1135 3193 sed
1177 3132 1341 3193 etiam
1386 3132 1483 3193 viri
1530 3146 1813 3206 senesque
1867 3133 2026 3194 coetu
2073 3148 2301 3202 suorum
2349 3129 2688 3194 circumdati.
2773 3131 2843 3191 At

544 3231 600 3293 id
642 3230 892 3295 nondum
938 3231 1074 3307 vidi,
1139 3230 1554 3293 adolescentem
1609 3233 1748 3295 inter
1805 3248 1948 3297 suos
2003 3248 2330 3311 expressum
2376 3249 2512 3297 esse
2556 3232 2838 3295 sedentem

542 3335 683 3396 inter
726 3335 973 3397 stantes:
1036 3334 1167 3411 quia
1210 3334 1262 3397 id
1306 3334 1503 3397 contra
1555 3350 1764 3437 rnorem
1807 3334 2378 3411 consuetudinemque
2423 3336 2628 3397 factum
2675 3336 2831 3397 toret.

540 3437 879 3516 GerharduS‚
924 3438 1016 3515 qui
1060 3438 1113 3499 in
1138 3437 1351 3499 Museis
1397 3437 1713 3517 Aeginetico
1759 3439 1814 3499 et
1857 3437 2174 3501 Atheniensi
2217 3437 2288 3499 ad
2327 3439 2552 3519 centum
2599 3437 2714 3499 fere
2753 3439 2836 3515 pi-

544 3541 633 3603 las
676 3540 1024 3619 sepulcrales
1068 3540 1349 3603 asservari
1390 3538 1537 3618 dicit,
1565 3540 1818 3602 ·l'eminas
1863 3540 2124 3603 sedentes
2167 3538 2224 3601 in
2271 3539 2549 3617 plerisque
2592 3536 2838 3599 caelatas

543 3658 677 3705 esse
718 3642 897 3721 addit3
958 3660 1027 3705 ac
1072 3658 1213 3705 sane
1255 3641 1544 3705 mulierum
1601 3642 1743 3705 vitae
1788 3640 2058 3705 umbratili
2123 3642 2178 3703 et
2230 3640 2558 3718 tranquillae
2602 3640 2836 3702 maxime

543 3744 835 3807 convenire
878 3744 965 3806 hic
1010 3745 1192 3807 status
1217 3742 1437 3807 videtur.
1505 3743 1710 3807 Annal.
1753 3742 1810 3807 d.
1855 3743 1992 3807 lust.
2037 3740 2096 3805 9.
2147 3739 2286 3807 120.
2343 3743 2432 3809 ce
2475 3730 2663 3826 qu'on
2705 3742 2834 3806 voit

542 3856 790 3911 wioni
830 3844 1278 3929 fre'quemment
1320 3866 1433 3911 sur
1476 3846 1534 3909 Ie
1557 3846 1776 3927 champ
1805 3847 2145 3929 ‘principal
2182 3849 2260 3910 de
2303 3866 2406 3910 ces
2437 3845 2642 3915 steles,
2687 3848 2834 3909 c’est

543 3969 665 4013 une
708 3947 928 4029 femme
968 3953 1190 4025 assiae,
1236 3972 1387 4015 sans
1420 3955 1608 4016 doute
1651 3951 1716 4014 la
1757 3947 2022 4037 defunto
2059 3952 2244 4033 qu'on
2287 3972 2330 4013 a
2372 3948 2560 4013 vouln
2601 3949 2830 4013 distin-

540 4071 707 4133 guer
752 4074 979 4117 comme
1034 4054 1176 4121 telle
1229 4076 1354 4137 par
1396 4077 1470 4119 sa
1510 4055 1795 4136 position
1809 4077 1832 4135 ,-
1901 4054 2016 4117 elle
2070 4063 2162 4117 est
2219 4052 2835 4119 emouree—dautres

685 4268 755 4330 ¹⁰)
792 4270 913 4327 Nam
950 4276 1091 4329 etiam
1142 4274 1442 4331 Godoi‘redus
1478 4271 1780 4329 Hennannus
1835 4272 1947 4329 huic
1981 4261 2252 4328 sententiae
2289 4273 2618 4345 adstipulatus
2673 4278 2744 4329 est
2781 4275 2830 4327 in

542 4354 884 4411 dissertatione
922 4357 979 4411 de
1016 4362 1374 4430 epigrammatis
1411 4358 1692 4433 quibusdam
1730 4360 1945 4428 διηθεῖς,
1985 4374 2151 4431 opusc.
2189 4356 2226 4413 V
2248 4398 2264 4427 ,
2303 4374 2346 4431 p.
2390 4359 2502 4415 177.
