3059 5250
1333 485 1440 553 27

230 652 458 741 ι’κρίου
521 660 726 739 imago,
815 659 968 733 Quae
1031 662 1214 724 tamen
1279 678 1380 724 cur
1443 662 1641 739 cuique
1683 662 2007 741 cenotaphio
2048 664 2307 743 imposita
2348 666 2528 743 l'uerit,

231 760 394 823 nulla
436 776 613 824 causa
657 760 864 823 videtur
905 776 1070 840 esse3
1113 762 1358 826 sortasse
1377 763 1755 843 MarcellinuS,
1800 765 1889 827 vel
1930 766 1983 827 is
2026 781 2188 841 quem
2232 768 2527 846 exscripsit

229 878 268 923 a
296 862 636 941 cenotaphiis
683 879 891 940 eorum,
936 864 1027 940 qui
1071 864 1364 945 naufragio
1406 866 1701 945 perierunt,
1744 866 1815 929 ad
1860 868 2045 930 omnia
2066 868 2393 946 cenotaphia
2422 868 2528 933 hoo

225 965 528 1028 transtulit.

404 1069 567 1147 Apud
611 1084 810 1132 omnes
854 1070 1096 1148 populos
1139 1069 1522 1133 vetustissima
1574 1070 1678 1133 suit
1728 1071 2108 1147 consuetude),
2175 1073 2237 1133 ut
2280 1072 2526 1134 mortuo·

225 1186 350 1233 rum
417 1171 474 1233 in
531 1172 760 1235 tumulis
822 1171 1190 1251 defigerentur
1243 1172 1610 1235 instrumenta
1660 1172 1797 1235 artis
1849 1170 1977 1250 ejus
2020 1174 2109 1235 cui
2154 1173 2257 1235 vivi
2300 1188 2524 1251 operam

223 1271 542 1351 dedissent3
615 1274 1092 1354 progredientibus
1156 1272 1354 1337 deinde
1417 1273 1632 1337 artibus
1693 1274 1966 1354 fingendi,
2035 1275 2525 1339 instrumentorum

223 1374 546 1437 simulacris
611 1376 666 1438 in
724 1376 904 1455 lapide
960 1376 1190 1439 caelatis
1230 1378 1511 1439 aeternam
1558 1390 1781 1437 servare
1824 1376 2141 1440 maluerunt
2182 1378 2517 1440 memoriam.

219 1476 428 1541 Pueris
469 1476 740 1542 decantati
785 1480 920 1543 sunt
962 1479 1016 1541 hi
1060 1492 1263 1541 versus
1287 1477 1605 1547 ,Homer-ici:

492 1624 702 1693 ταῦτά
747 1626 827 1695 τὲ
860 1651 981 1711 μοι
1025 1626 1287 1695 τελέσαι
1333 1621 1601 1712 πῆξαίτ’
1648 1620 1763 1692 ἐπὶ
1808 1620 2036 1711 τύμβῳ
2077 1621 2352 1715 ἐρετμὸν

483 1732 577 1817 τῷ
621 1726 733 1795 καὶ
780 1726 948 1810 ζωὸς
993 1726 1268 1814 ἔρεσσον
1311 1724 1436 1796 ἐῶν
1475 1721 1618 1812 μετ’
1666 1724 1856 1810 ἐμοῖς
1899 1724 2239 1815 ἑτάροισιν
2300 1772 2303 1777 -

399 1883 500 1947 Ubi
547 1902 600 1947 v.
645 1884 867 1945 Annott.
909 1879 1200 1961 Nitzschii,
1241 1884 1334 1961 qui
1377 1883 1484 1949 hoc
1525 1882 1793 1963 Sapphus
1844 1900 2065 1949 carmen
2108 1884 2285 1949 aflei-t.
2327 1834 2519 1961 (Antii,

215 1988 318 2046 Gr.
365 1984 436 2047 T.
483 1984 524 2047 l.
567 1982 716 2049 Sect.
737 1984 846 2048 Vll.
888 1990 944 2048 ii.
967 1981 1148 2063 505):

485 2136 580 2224 τῷ
622 2139 853 2224 γριπεῖ
890 2128 1246 2219 Πελάγωνι
1291 2131 1513 2221 πατὴρ
1560 2129 1849 2223 ἀνέθηκε
1892 2136 2233 2216 Μένισκος

567 2232 807 2325 κύρτον
849 2235 955 2304 καὶ
1000 2230 1235 2303 κώπαν
1274 2239 1504 2321 μνᾶμα
1549 2234 1906 2320 κακοζοΐας.

396 2394 481 2456 Cf.
524 2392 652 2458 ibid.
695 2409 754 2455 n.
775 2389 922 2456 445.

482 2537 907 2619 Μαντιάδας,
956 2538 1009 2607 ὦ
1055 2542 1240 2621 ξεῖνε,
1288 2530 1397 2609 καὶ
1439 2536 1826 2632 Εἷῖστρατος
1868 2534 2006 2621 υἷες
2038 2538 2343 2626 Ἐχὲιλου

557 2646 875 2727 Δυμαῖοι,
923 2649 1178 2734 κραναῇ
1223 2640 1480 2730 κείμεθ’
1527 2644 1623 2713 ἑνὶ
1670 2641 1945 2733 ξυλόχῳ,

477 2741 801 2838 άγραῦλοι
844 2751 1158 2836 γενεῆθεν
1201 2742 1573 2835 ὄρείτυποι.
1620 2744 1687 2815 οἱ
1730 2742 1909 2816 δ’ἒπὶ
1952 2744 2180 2836 τύμβῳ
2234 2818 2252 2832 ⁴

560 2849 854 2934 μανυταὶ
893 2849 1151 2934 τέχνας,
1200 2845 1606 2938 δουροτόμοι
1649 2849 1972 2930 πελέκεις.

388 3004 500 3067 Per
527 3004 723 3083 ,jocum
765 3006 954 3073 autem
997 3003 1204 3068 factum
1245 3005 1336 3067 est
1375 3005 1482 3068 hoe
1525 3000 1744 3083 (3992

676 3148 1123 3243 Μυλεργάτας
1166 3147 1332 3242 άνῆρ
1371 3177 1460 3236 με
1503 3151 1625 3242 κῆν
1668 3153 1842 3235 ζωᾶς
1880 3153 2147 3245 χρόνοις

673 3251 1188 3344 βαρυβρομήταν
1232 3253 1384 3338 ἔσχε
1425 3253 1689 3344 δινητὸν
1744 3247 2009 3345 πὲτρον,
2065 3316 2071 3322 .

675 3352 1081 3446 πυρηφάτου
1119 3353 1482 3444 Δάματρος
1525 3351 1862 3442 εὐκάρπου
1900 3353 2111 3445 χάριν,

677 3459 789 3526 καὶ
834 3457 1190 3524 κατθανὼν
1232 3453 1530 3525 στάλωσε
1574 3451 1733 3546 τῷδ’
1779 3452 1885 3524 ἐπ’
1930 3452 2118 3546 ἧρίῳ,

678 3557 993 3648 σύνθημα
1036 3559 1279 3650 τέχνης.
1327 3555 1418 3638 ὥς
1462 3557 1597 3641 ἔχει
1638 3553 1820 3641 μ’άεὶ
1840 3557 2054 3646 βαρὺν

675 3661 787 3730 καὶ
834 3663 960 3744 ζῶν
1004 3661 1072 3730 ἒν
1116 3660 1336 3750 ἔργοις
1379 3659 1492 3727 καὶ
1536 3658 1766 3727 θανὼν
1808 3653 1913 3727 ἐπ’
1963 3653 2239 3740 ὀστέοις.

389 3822 632 3884 Puerum
677 3818 796 3883 sive
839 3818 1080 3898 puellam
1125 3807 1586 3902 λουτροφόρον
1628 3814 1714 3877 vel
1759 3813 2007 3896 hydriam
2052 3815 2284 3880 tumulis
2317 3832 2505 3880 eorum

211 3925 403 3988 fuisse
446 3922 783 4001 impositam,
828 3921 920 3998 qui
963 3919 1092 3982 ante'
1135 3913 1543 3982 matrimonium
1588 3917 1836 3996 obierint,
1878 3918 2229 3980 notissimum
2274 3919 2504 3994 est³⁴).

211 4025 320 4100 Qui
390 4023 632 4102 sepulcri
700 4022 933 4085 ornandi
997 4020 1201 4084 modus
1254 4035 1291 4082 a
1333 4019 1530 4081 ceteris
1574 4020 1948 4083 monumentis
1992 4036 2059 4083 eo
2101 4020 2355 4106 diversus
2398 4023 2505 4098 est,

211 4127 363 4205 quod
407 4127 504 4190 illa
549 4125 690 4188 vitae
731 4123 982 4203 peractae
1027 4123 1290 4202 praebent
1349 4121 1650 4201 imagines,
1696 4113 2134 4208 λουτροφόρῳ
2178 4125 2361 4187 autem
2406 4123 2503 4185 de·
2540 4182 2544 4193 ,

349 4343 424 4411 ³⁴)
460 4343 532 4400 De
567 4343 660 4401 hac
698 4360 748 4400 re
783 4343 905 4399 dixit
941 4341 1096 4399 Bekk.
1133 4346 1180 4398 in
1219 4342 1422 4398 Charicl.
1461 4339 1543 4410 11„
1584 4341 1683 4397 400
1718 4355 1821 4410 seq.
