3059 5250
1309 522 1418 619 π.

555 692 795 759 λοιπὸν
817 688 1182 781 ,φυλάσσου
1223 688 1318 780 μή
1361 690 1476 761 τιν’
1519 690 1835 778 ἐτ’-θήσεις
1876 688 2097 784 τάφ’ῳ,

557 792 742 882 δίκην
785 789 1130 883 θ’ὖφέξεις
1171 791 1583 881 παρανόμως
1622 802 2093 883 τυμβωρυχαῖν,

549 895 772 984 φίοκῳ
814 922 886 965 τε
931 894 1280 982 δώσειςῢβ,
1297 944 1318 978 ,
1361 897 1474 965 καὶ
1517 901 1603 987 τῇ
1646 894 2063 981 mammea,

212 1037 266 1098 si
312 1037 435 1113 quis
479 1034 632 1115 putet
674 1034 952 1098 hominem
998 1034 1294 1113 inficetum,
1339 1038 1432 1115 qui
1473 1038 1581 1101 hoe
1625 1040 2043 1101 monumentum
2096 1038 2311 1117 posuit,
2356 1038 2499 1100 mul-

210 1142 355 1201 ctam
401 1138 701 1217 designare
745 1138 997 1201 voluisse
1039 1154 1332 1217 crumena,
1399 1154 1507 1221 ego
1550 1136 1677 1202 huic
1720 1140 2027 1203 sententiae
2071 1155 2185 1202 non
2230 1139 2494 1218 refragari

213 1240 403 1303 velim.
489 1238 572 1302 De
628 1238 795 1317 cujus
841 1239 1098 1321 imaginis
1143 1240 1457 1321 significatu
1502 1258 1629 1304 cum
1676 1242 1818 1304 satis
1874 1242 2123 1320 constet,
2188 1240 2339 1304 aliud
2384 1256 2505 1304 mo-

206 1342 540 1405 numentum
585 1357 652 1404 ex
697 1340 822 1421 ejus
867 1338 1223 1406 similitudine
1267 1342 1526 1421 explicari
1572 1344 1775 1421 potest,
1818 1344 1873 1405 in
1919 1356 2031 1421 quo
2074 1342 2237 1406 navis
2282 1342 2506 1421 sculpta

207 1450 301 1507 est
347 1460 472 1507 eum
517 1444 688 1507 milite
731 1444 1037 1523 pugnantis
1081 1442 1270 1507 habitu
1315 1442 1561 1524 (Exped.
1604 1444 1743 1509 Mor.
1767 1441 1851 1511 lll.
1896 1444 2041 1508 Tab.
2068 1442 2166 1522 14,
2189 1443 2303 1516 4..)
2400 1442 2507 1506 Est

205 1547 356 1609 enim
403 1542 526 1615 sine
569 1544 977 1625 dubioffiitis
1017 1544 1290 1608 classiarii
1321 1546 1799 1641 monumentum.
1874 1543 2067 1609 Simile
2109 1544 2379 1608 Rheneae
2422 1544 2506 1605 ei·-

205 1648 431 1711 fossum
477 1648 565 1710 est
611 1646 758 1727 quod
803 1644 950 1708 duos
993 1644 1195 1707 milites
1236 1648 1290 1709 in
1336 1663 1478 1711 nave
1423 1624 1801 1729 ostendit,
1865 1666 1918 1711 v.
1960 1644 2109 1726 apud
2164 1643 2506 1708 Boeckhium

198 1750 309 1821 (C.
353 1748 392 1811 Ι.
435 1741 608 1813 2322
639 1748 676 1811 b
708 1748 774 1786 ⁸⁷
751 1752 831 1821 7).
961 1746 1336 1811 Gladiatorum
1381 1754 1721 1813 armatorum
1774 1748 2049 1830 imagines
2101 1746 2230 1811 ibid.
2274 1742 2507 1821 (3275.

203 1842 400 2029 ἓξὲὃ.
420 1844 634 2013 3ἷῖῖῶ
679 1842 867 1914 3291.
913 1844 1104 1914 3764.
1148 1850 1286 1922 (ubi
1349 1854 1439 1914 est
1504 1848 1797 1933 retiarius)
1845 1868 1898 1916 ν.
1943 1850 2107 1914 etiam
2166 1850 2383 1913 Clarae
2428 1848 2505 1928 pl.

569 1958 598 2022 )

380 2103 791 2185 Naufragorum
836 2102 1198 2167 monumenta
1239 2102 1462 2165 navium
1497 2102 1699 2167 rostris
1728 2102 2199 2205 insigniebantur:
2240 2102 2503 2177 (Antnol.

205 2210 304 2275 Gr
349 2205 440 2271 ed.
480 2205 688 2269 Jacobs
732 2204 806 2272 T.
829 2205 869 2269 1.
911 2205 1050 2269 sect.
1075 2202 1184 2267 vll.
1227 2200 1545 2290 sepulcral.
1590 2202 1771 2283 279.)

380 2341 639 2405 ’παῦσαι
683 2335 840 2424 νηὸς
885 2334 1126 2425 ἐρετμὰ
1169 2334 1283 2405 καὶ
1329 2336 1585 2422 ἔμβολα
1629 2334 1793 2407 τῶδ’
1842 2338 1959 2409 ἐπὶ
2002 2337 2237 2425 τύμβῳ

463 2436 596 2507 αἰεὶ
637 2438 750 2507 ἔπι
792 2441 1022 2530 ψυχρῇ
1066 2438 1468 2529 ζωγραφέων
1513 2444 1788 2532 σποδιῇ.

381 2544 665 2628 ναυηγοῢ
709 2541 786 2605 τὸ
831 2545 1078 2625 μνῆμα.
1128 2540 1196 2607 τί
1237 2544 1358 2628 τῆς
1401 2542 1496 2608 ἐνὶ
1542 2540 1787 2626 κύμασι
1832 2540 2053 2630 λώβης

470 2636 660 2722 αὖτις
703 2636 1077 2730 ἀναμνῆσαι
1121 2641 1242 2707 τὸν
1279 2641 1452 2708 κατὰ
1493 2646 1616 2731 γῆς
1660 2641 1955 2722 &affusam

298 2797 510 2862 Eodem
557 2798 788 2886 pertinet
832 2798 956 2862 sine
999 2797 1166 2862 dubio
1209 2797 1316 2863 hoc
1359 2799 1593 2863 alterum
1640 2814 1859 2862 carmen
1908 2797 2065 2878 (ibid.
2108 2794 2297 2880 400);
2334 2854 2339 2861 .

381 2905 557 2978 τοῦτ’
607 2905 839 2980 ὀστοῦν
881 2913 1114 3000 φωτὸς
1155 2911 1587 3001 πολυέργεος.
1656 2905 1696 2996 ἦ
1740 2907 1853 3002 ῥά
1879 2938 1981 2993 τις
2022 2905 2209 3002 ἦσθα

466 3011 771 3100 ἔμπορος
813 3006 857 3098 ἢ
899 3012 1159 3100 τυφλοῦ
1200 3007 1496 3096 κύματος
1536 3008 1917 3096 ἶχθυβόλος.

376 3107 681 3200 &nt—:tlon
725 3119 1070 3200 θνητοῖσιν
1111 3109 1222 3180 ὅτι
1253 3109 1658 3196 σπεύδοντες
1700 3113 1806 3182 ἐπ’
1839 3110 2053 3198 ἄλλος

461 3211 746 3294 ἐλπίδας
788 3211 883 3296 εἰς
925 3211 1112 3303 τοίην
1153 3211 1402 3284 ἐλπίδα.
1444 3211 1775 3300 λυόμεθα.

381 3369 796 3434 Monumentum
841 3369 986 3431 enim
1032 3369 1180 3445 quod
1223 3369 1300 3432 ita
1341 3371 1720 3448 comparatum
1766 3374 1886 3447 est,
1951 3373 2012 3432 ut
2064 3373 2247 3434 utrum
2292 3387 2505 3436 merca-

205 3474 307 3538 tori
361 3489 435 3536 an
500 3471 760 3552 piscatori
798 3466 1134 3549 'impositum
1189 3471 1264 3534 sit
1325 3469 1575 3549 dubiteS,
1640 3469 1961 3534 alterutrum
2026 3473 2214 3532 antem
2282 3473 2392 3535 sub
2436 3487 2505 3535 eo

205 3575 485 3639 conditum
528 3589 690 3650 esse,
755 3573 902 3636 recte
953 3572 1219 3654 colligaS,
1285 3581 1484 3636 navem
1542 3571 1629 3636 vel
1692 3572 1855 3662 navis
1908 3571 2119 3650 partem
2185 3573 2504 3638 ostendisse

203 3691 442 3740 necesse
483 3677 590 3738 est.
675 3675 759 3738 De
802 3674 1076 3755 nauitago
1119 3675 1244 3737 sine
1284 3674 1456 3738 dubio
1497 3675 1663 3738 etiam
1707 3675 1797 3738 hic
1838 3687 2027 3738 sermo
2068 3679 2177 3739 est.

375 3843 518 3906 inter
580 3845 940 3908 monumenta
1005 3795 1226 3910 servata
1291 3845 1595 3938 complura
1630 3847 1796 3925 sunt,
1858 3859 2006 3923 quae
2046 3845 2157 3909 huc
2219 3843 2505 3908 referenda

211 3953 346 4008 csse
387 3947 548 4025 put03
589 3947 786 4010 horum
822 3945 1096 4010 nonnulla
1125 3947 1762 4036 descripsitGerhardus
1786 3945 1965 4018 [Ann.
1988 3945 2045 4009 d.
2073 3945 2209 4008 lust.
2242 3945 2295 4013 l.
2326 3941 2499 4018 146).

211 4045 530 4109 Ostendant
571 4063 640 4110 ea
681 4049 868 4111 omnia
922 4048 1078 4112 viros
1141 4049 1405 4112 sedentes
1476 4049 1563 4112 vel
1631 4050 1689 4114 in
1759 4048 1886 4131 ipso
1929 4047 2057 4110 solo
2103 4047 2188 4110 vel
2244 4047 2299 4108 in
2345 4048 2502 4110 saxis
2627 4027 2657 4122 J

213 4147 598 4240 coacervatis,
652 4148 838 4212 nudos
901 4148 1204 4229 plerosque
1265 4149 1539 4226 nisosque
1604 4151 1660 4214 in
1704 4150 1973 4228 cubitum,
2036 4164 2149 4226 quo
2205 4149 2503 4212 manifesto

212 4250 434 4312 animus
477 4249 682 4330 lugens
728 4251 1090 4332 significatur.
1202 4252 1364 4316 Juxta
1409 4253 1516 4346 lias
1559 4255 1773 4334 figuras
1820 4250 2085 4314 sedentes
2128 4266 2295 4335 prora
2342 4253 2500 4316 navis

219 4351 584 4431 conspicitur,
628 4367 770 4430 quae
811 4369 882 4415 ex
924 4369 1168 4431 aequore
1211 4354 1450 4417 eminere
1495 4356 1722 4418 videtur.
1830 4351 1896 4416 V.
1952 4352 2213 4420 Paeiaudi
2257 4354 2498 4420 Monam.
