3059 5250
1345 464 1394 530 5
1441 497 1448 503 .

212 642 476 707 habenda
519 643 623 706 est,
711 640 848 716 Quis
892 642 1078 705 autem
1125 642 1242 718 erit,
1285 642 1376 718 qui
1419 641 1526 704 hoc
1570 634 1747 703 dicere
1792 638 1959 703 velit?
1982 674 1990 683 -
2015 640 2157 705 Nam
2204 640 2255 703 id
2300 642 2505 719 solum,

215 745 364 822 qnod
409 746 464 807 in
509 745 692 821 aliqua
737 759 796 805 re
839 744 926 807 vel
972 760 1195 823 semper
1241 744 1324 807 vel
1369 743 1695 822 plerumque
1746 744 1837 820 fit,
1908 760 2020 805 usn
2074 744 2188 806 fieri
2235 750 2379 809 recte
2422 746 2505 807 di-

217 847 430 910 cimus:
495 861 710 923 nsuque
776 846 904 910 solo
963 844 1108 909 haec
1152 846 1467 910 observatio
1521 846 1787 908 sustineri
1833 849 2047 925 posset.
2176 844 2315 909 Eam
2360 848 2505 909 enim

215 963 446 1011 causam
493 965 640 1026 quae
683 965 754 1011 ex
794 950 922 1028 ipsa
965 948 1140 1027 hujus
1195 949 1270 1011 rei
1312 950 1514 1011 natura
1568 947 1835 1025 sequatur
1878 964 1988 1010 non
2035 946 2197 1017 facile
2239 948 2508 1026 inveniaS,

213 1050 530 1127 nequedum
575 1054 844 1129 quantum
887 1068 996 1132 ego
1040 1054 1158 1117 scio
1201 1052 1421 1115 inventa
1465 1051 1571 1113 est.
1648 1095 1666 1111 ,
1704 1049 1827 1111 Nisi
1872 1050 2011 1111 forte
2064 1050 2151 1111 cui
2196 1049 2249 1111 id
2306 1050 2506 1127 proba-

214 1154 336 1231 tur,
403 1153 554 1230 quod
595 1154 726 1217 dicit
768 1153 1102 1217 Paciaudius
1147 1154 1216 1227 (1.
1261 1153 1364 1233 1.),
1429 1162 1709 1217 mortuos
1751 1154 1821 1215 in
1874 1152 1975 1216 liis
2019 1150 2341 1235 feralibus
2406 1164 2504 1215 eo-

211 1258 513 1318 reumatic
545 1276 828 1319 occasum
847 1260 1106 1338 jamjam
1143 1267 1512 1337 accepturos
1547 1254 1760 1338 fingi‚·
1806 1268 1881 1317 eo
1909 1256 2185 1337 proinde
2215 1257 2509 1337 corporis

218 1356 440 1421 habim
481 1362 752 1439 exprimi
793 1361 1104 1437 debuisse,
1149 1380 1274 1444 quo
1315 1360 1703 1442 gravissima
1746 1359 2153 1441 aegritudine
2175 1342 2505 1441 utcumque

213 1460 536 1524 debilitati
575 1474 984 1544 apparerene.·
1065 1461 1166 1525 Sin
1213 1465 1398 1526 autem
1445 1463 1571 1539 quis
1616 1460 1779 1539 dicat,
1822 1476 1925 1523 eos
1967 1460 2169 1536 quibus
2214 1460 2365 1547 haec=
2382 1476 2504 1522 mo-

209 1564 476 1625 numenta
521 1561 706 1627 dicata
745 1565 980 1641 suerint,
1043 1565 1192 1627 certo
1235 1563 1472 1641 quodam
1521 1563 1771 1641 corporis
1815 1562 2013 1623 habitu.
2046 1560 2364 1623 discernere
2406 1578 2505 1623 vo-

212 1664 394 1725 luisse
434 1680 470 1727 a
514 1666 710 1728 ceteris
755 1667 1012 1743 artificeS,
1056 1666 1111 1727 id
1157 1667 1348 1729 contra
1393 1666 1470 1729 tot
1513 1664 1889 1743 exemplorum
1919 1663 2347 1743 repugnantium
2371 1678 2504 1725 con-

210 1754 454 1829 sensum
493 1767 709 1830 defendi
758 1784 868 1831 non
915 1784 1118 1847 posse,
1164 1769 1350 1831 statim
1395 1768 1695 1847 apparebit.
2500 1760 2503 1763 ’

387 1868 596 1932 Causis
637 1868 804 1951 igitur
845 1887 914 1931 ex
957 1871 1080 1949 ipsa
1125 1871 1334 1933 ratione
1377 1870 1561 1948 petitis
1604 1869 1749 1933 hanc
1792 1884 1907 1931 rem
1943 1868 2160 1931 defendi
2196 1881 2307 1933 non
2330 1884 2505 1948 posse

211 1970 364 2033 dixi:
449 1972 718 2051 exemplis
784 1972 1008 2035 refutari
1073 1988 1226 2035 nunc
1302 1972 1669 2050 monstrab03
1754 1970 2041 2046 habeoque
2104 1971 2503 2032 assentientem

209 2070 580 2153 Boeckliimn,
647 2075 739 2151 qui
785 2074 1076 2153 complura
1117 2076 1475 2137 monumenta
1517 2075 1611 2159 ita·
1646 2074 1960 2151 explicavit,
2017 2072 2075 2134 ut
2120 2071 2425 2133 sententiae
2470 2088 2506 2133 a

213 2192 282 2237 se
327 2192 502 2254 supra
545 2176 792 2255 prolatae
835 2177 958 2255 ipse
1001 2177 1353 2241 contradicat.
1485 2177 1545 2240 ln
1590 2176 1913 2257 ariaglyplio
1957 2171 2271 2255 Smyrnaeo
2317 2172 2418 2251 (O.
2464 2172 2504 2236 1.

209 2296 269 2339 n.
292 2273 492 2357 3371)
536 2280 787 2341 caelatus
831 2280 920 2340 est
962 2280 1060 2343 vir
1102 2281 1172 2343 in
1213 2281 1369 2345 sella
1413 2281 1637 2344 sedens
1678 2290 1935 2359 pectore
1977 2278 2179 2353 nudo,
2238 2275 2505 2355 pedibus

215 2380 490 2445 scabello
535 2383 802 2459 innixiS,
847 2392 994 2445 ante
1036 2402 1211 2465 quem
1257 2384 1466 2447 adstat
1510 2382 1735 2447 mulier
1778 2382 1963 2463 large
2008 2382 2233 2442 vestita
2244 2402 2267 2453 ‚-
2340 2380 2506 2440 inter

209 2482 330 2546 lios
371 2504 530 2565 puer
573 2487 865 2561 amictus,
903 2504 1073 2564 pone
1115 2486 1311 2547 virum
1352 2486 1655 2565 puerulus
1698 2485 1905 2546 nudus
1949 2482 2169 2545 habitu
2224 2480 2502 2563 lugubri.

209 2582 500 2664 Inscriptio
566 2585 704 2649 haec
770 2587 885 2650 est:
949 2578 1256 2662 Πόλλιος
1299 2580 1575 2661 Δείδιος
1619 2577 1963 2666 Πολύβιος
2028 2577 2505 2646 κατεσκεύασεν

209 2683 292 2750 τὸ
335 2689 654 2770 μνημεῒον
699 2682 918 2774 ἑαυτῷ
961 2684 1074 2751 καὶ
1116 2681 1363 2774 Δειδῖᾳ
1403 2683 1729 2772 Λαυδῖκῃ
1776 2688 1857 2772 τῆ
1903 2682 2159 2769 γυναικὶ
2204 2683 2313 2746 καὶ
2353 2677 2503 2746 ’Λν-

211 2783 432 2874 τωνίῳ
473 2788 876 2876 Πολυβιαιῷ
919 2793 1014 2876 τῷ
1057 2787 1261 2875 τέκνῳ
1305 2785 1416 2855 καὶ
1461 2793 1605 2865 τοῖς
1646 2782 1941 2873 ἐκγόνοις
1984 2784 2102 2852 οὖν
2126 2787 2208 2870 τῇ
2233 2782 2500 2872 κειμένῃ

215 2892 402 2976 σορῷ
444 2887 580 2956 ἔσω
621 2889 888 2978 μυλίνῃ,
933 2887 1002 2956 ἓν
1043 2879 1090 2978 ᾗ
1137 2887 1352 2956 ἔνεστί
1391 2914 1527 2974 μου
1570 2885 1607 2974 ἡ
1653 2886 1809 2976 γυνή
1856 2893 1957 2954 eto.

389 2995 598 3059 Tribus
641 2997 842 3077 figuris
887 2995 1158 3075 primariis
1214 2997 1346 3056 tres*
1383 2993 1535 3055 illius
1580 2993 1821 3058 familiae
1864 2994 2119 3055 homines
2174 3005 2501 3069 repraesen-

213 3099 362 3160 tatos
405 3111 539 3160 esse
579 3096 710 3160 dicit
751 3096 1096 3175 BoeckbinS,
1161 3096 1230 3158 ad
1277 3111 1422 3173 quos
1467 3095 1574 3157 hoc
1617 3094 1939 3173 sepulcrum
1994 3095 2275 3172 pertineat.
2384 3092 2503 3156 Du-

213 3200 385 3262 bitare
427 3199 594 3280 igitur
628 3213 748 3264 ¹nou
793 3213 1135 3279 possumuS,
1202 3198 1333 3274 quin
1380 3197 1552 3260 virum
1598 3195 1845 3258 mulieris
1912 3197 2265 3274 superstitem
2324 3197 2505 3275 figura

214 3302 428 3363 sedens
469 3301 766 3380 significet,
808 3301 1092 3363 mulierem
1138 3302 1410 3362 mortuam
1457 3299 1643 3361 antem
1688 3300 1867 3360 stane.

392 3405 462 3466 At
515 3404 758 3466 sortasse
823 3401 1138 3466 observatio
1191 3400 1289 3462 illa
1342 3399 1530 3462 minus
1584 3398 1696 3462 late
1750 3400 1915 3478 patet,
1970 3401 2023 3461 in
2070 3399 2249 3475 iisque
2289 3399 2505 3462 tantum

217 3504 556 3585 anaglyphis
603 3505 786 3566 locum
831 3504 1027 3581 babet,
1071 3504 1126 3564 in
1171 3501 1375 3580 quibus
1419 3502 1792 3566 valedicentes
1836 3500 2089 3578 expressi
2134 3499 2289 3560 sunt.
2418 3501 2503 3574 At,

215 3607 360 3685 quod
403 3606 534 3683 dixi,
579 3606 792 3668 nullum
838 3622 1068 3668 causam
1113 3617 1278 3683 esse,
1321 3622 1421 3668 cur
1462 3605 1551 3666 hic
1596 3619 1739 3668 usus
1784 3600 2129 3666 discernendi
2176 3602 2425 3663 mortuos
2468 3619 2505 3662 a

215 3707 607 3795 superstitibus
653 3723 766 3770 non
812 3709 866 3769 in
920 3708 1238 3770 universum
1285 3707 1608 3785 obtinuerit,
1673 3707 1727 3768 id
1774 3721 1841 3767 eo
1886 3705 2068 3784 magis
2113 3705 2166 3766 in
2214 3704 2358 3764 hanc
2401 3701 2503 3772 ob-

219 3811 586 3873 servationem
667 3809 914 3887 caderet,
1002 3824 1112 3886 quo
1177 3809 1601 3888 angustioribus
1668 3807 2205 3870 circumscriberetur
2280 3804 2499 3867 finibus

213 3910 426 3976 Deinde
469 3915 523 3973 et
566 3912 672 3975 hoc
727 3912 1038 3992 perfugium
1093 3910 1450 3990 praecludunt
1497 3909 1768 3987 exempla.
1906 3907 2295 3988 Anaglyphum
2362 3906 2503 3984 cippi

215 4013 464 4095 Smyrna
505 4014 657 4078 allati
689 4017 752 4093 ³)
796 4015 889 4086 (C.
927 4015 972 4078 ,1.
1019 4008 1216 4091 3333)
1262 4012 1368 4075 hoc
1411 4014 1520 4076 est.
1610 4013 1689 4074 In
1733 4012 1935 4075 medio
1980 4012 2153 4074 sedet
2170 4008 2411 4072 -mulier
2434 4010 2503 4070 in

215 4118 374 4182 sella
414 4118 684 4200 pedibus
727 4116 999 4182 scabello
1044 4116 1287 4179 innixis
1327 4111 1502 4197 facie
1525 4114 1831 4184 revelata;
1871 4132 2042 4192 pone
2074 4111 2236 4175 hanc
2255 4114 2503 4188 juvenis

356 4335 402 4399 ³)
438 4335 540 4392 Aeri
578 4337 784 4393 incisum
823 4337 896 4389 est
936 4335 982 4390 in
1021 4329 1184 4390 Marm.
1221 4331 1316 4390 Ox.
1353 4349 1403 4387 n.
1427 4332 1506 4388 40.
1548 4329 1622 4388 ed.
1644 4362 1659 4370 ν
1696 4328 1850 4388 Maia.
1888 4296 2168 4394 (Prideaux.
2205 4330 2293 4393 7.).
