3059 5250
164 510 167 513 ·
380 557 395 569 ,
1207 485 1304 555 41

0 595 22 718 >t
113 662 167 724 in
214 675 447 725 recessu
499 662 571 724 ad
625 661 911 724 sinistram
971 661 1136 724 arbor
1188 663 1278 723 est
1340 677 1467 725 eum
1521 662 1744 727 (imbus
1785 664 2013 744 avibus3
2078 666 2136 727 in
2179 639 2415 728 simam

0 766 10 1098 ,
114 780 260 826 urna
300 763 594 826 columnae
634 764 920 843 imposita,
977 777 1091 841 qua
1130 764 1203 825 de
1243 780 1302 825 re
1344 764 1452 826 dixi
1498 778 1692 843 snpra.
1780 764 1990 829 Eadem
2034 780 2127 828 res
2170 767 2415 830 cernitur.

110 867 435 952 iii-coenis2
470 882 624 952 quas
655 864 920 955 funebres
961 865 1152 928 dicunt
1196 868 1273 944 (v.
1317 866 1512 930 Marm.
1561 866 1740 931 Oxou.
1793 865 1851 950 1,
1902 866 2047 945 1353
2090 867 2151 931 11.
2193 865 2363 939 167).

292 1001 416 1063 Non
481 1002 638 1066 aliter
683 1002 927 1064 fortasse
992 1002 1318 1081 explicanda
1383 1005 1516 1065 sunt
1581 1015 1649 1066 ea
1692 1006 2053 1068 monumenta
2097 1003 2163 1065 ,in
2204 1003 2410 1081 quibus

1 1099 4 1205 ᾗ
111 1099 453 1181 conspicitur
472 1116 667 1192 'eques
710 1106 839 1167 ante
881 1117 1053 1187 aram,
1116 1108 1361 1184 pateram
1386 1108 1641 1185 tenenti,
1700 1121 1870 1185 pone·
1890 1118 2043 1170 aram
2088 1107 2273 1169 autem
2318 1122 2415 1169 arv

115 1204 234 1267 bori
278 1193 676 1269 circumvoluta
719 1220 959 1285 serpens
1000 1208 1238 1285 equitem
1281 1218 1492 1272 versus
1531 1210 1783 1288 porrecto
1823 1210 2019 1288 capite,
2063 1210 2228 1286 quasi
2270 1208 2409 1271 liba-

111 1308 320 1370 tionem
363 1308 489 1386 ejus
529 1311 846 1387 acceptura.
929 1311 1042 1371 Ara
1082 1309 1331 1371 honores
1371 1311 1999 1391 heroicos'designatos
2038 1325 2173 1373 esse
2216 1312 2409 1391 suspi-
2495 1285 2537 1334 ’Ὗ

110 1423 224 1487 cor,
273 1412 364 1487 qui
407 1413 626 1475 mortuo
670 1407 904 1489 ejusque
949 1412 1159 1474 famulo
1196 1412 1445 1491 serpenti
1487 1413 1725 1475 habendi
1769 1418 1964 1476 essent
1994 1412 2102 1490 ⁶⁸).
2532 1412 2540 1429 ³

287 1546 553 1620 Quamv1s
597 1547 762 1629 igitur
803 1545 875 1610 ad
930 1550 1271 1612 mortuorum
1315 1548 1687 1612 conditionem
1741 1549 1872 1628 post
1914 1550 2143 1611 mortem
2188 1530 2419 1629 angues

110 1662 225 1709 non
272 1662 447 1726 posse
490 1660 604 1711 non
651 1648 835 1711 referri
879 1645 1206 1727 videntum,
1263 1651 1444 1713 tamen
1491 1663 1563 1713 ne
1606 1650 1661 1711 iu
1708 1650 1795 1712 his
1840 1635 2056 1728 quidem
2082 1663 2408 1713 monumen·

109 1747 182 1807 tis
229 1747 534 1827 figurarum
578 1752 716 1812 ratio
759 1750 831 1813 ab
876 1762 944 1812 ea
987 1763 1132 1827 quae
1175 1752 1230 1813 in
1276 1756 1472 1813 ceteris
1519 1751 1755 1830 obtinet,
1822 1754 1939 1816 ullo
1984 1752 2149 1815 modo
2192 1751 2412 1815 diversa

1 1863 3 1948 ss
109 1850 234 1927 est3
303 1850 600 1928 habituque
645 1853 699 1914 et
741 1835 970 1930 ¹vestitu,
1036 1854 1299 1918 universa
1341 1852 1577 1939 denique
1622 1854 1831 1931 ratione
1875 1856 2121 1919 vivorum
2167 1855 2409 1934 speciem

1 1975 4 2029 l
82 1952 359 2031 ‚referunt
400 1952 508 2027 hae
547 1950 866 2033 imagines-.
921 1952 1140 2019 Deinde
1182 1956 1330 2034 quod
1373 1941 1669 2035 plurimum
1713 1956 1885 2035 valet,
1930 1957 2091 2019 etiam
2137 1945 2422 2035 supersti-'

1 2083 4 2110 »
103 2056 194 2116 tes
244 2069 360 2127 una
404 2067 530 2117 eum
577 2057 809 2119 mortuis
854 2058 1068 2143 effictos
1114 2059 1385 2142 videmus,
1429 2058 1608 2131 itaut
1651 2069 1723 2120 ne
1765 2058 1853 2121 hic
1885 2058 2103 2136 quidem
2147 2053 2216 2119 de
2260 2071 2409 2118 mor·
2445 2049 2576 2231 y*
2639 2120 2643 2126 ,

105 2159 334 2220 tuorum
362 2156 688 2222 conditione
711 2158 895 2223 sutura
928 2147 1388 2226 sed'd‘e'vlvorum
1414 2159 1545 2225 fatis
1572 2143 1877 2240 praeteritis
1901 2157 2253 2241 cogitandum
2279 2172 2411 2221 esse
2473 2096 2573 2256 s

106 2261 407 2338 appareat:
451 2255 644 2336 Arbori
689 2260 1084 2326 circumvoluta
1126 2273 1362 2342 serpens
1408 2266 1497 2326 est
1540 2280 1589 2330 e.
1636 2282 1692 2345 g.
1735 2263 1791 2326 iu
1836 2263 2194 2327 monumento
2239 2273 2413 2340 supra
2476 2282 2485 2302 ’

104 2361 388 2443 descripto
434 2362 725 2442 (Kunstbl.
778 2359 958 2443 1828,
1003 2363 1106 2444 44,
1147 2357 1250 2443 2),
1319 2364 1466 2443 quod
1509 2381 1649 2429 uxor
1693 2353 1987 2445 superstes
2029 2364 2225 2427 marito
2269 2361 2411 2426 duo-

103 2466 330 2542 busque
371 2463 502 2528 filiis
546 2468 780 2530 mortuis
822 2457 1037 2545 posuit,>
1089 2466 1257 2545 juxta
1299 2470 1535 2549 figuram
1582 2468 1897 2547 superstitis
1932 2468 2169 2531 feminae
2213 2465 2411 2528 efficta.

4 2600 13 2608 ·
103 2562 217 2630 Est
265 2568 428 2630 etiam
471 2568 526 2629 in
575 2571 936 2630 monumento
980 2566 1138 2646 Oppii
1181 2568 1464 2632 Menandri
1519 2572 1602 2645 (v.
1644 2568 1773 2632 ibid.
1815 2587 1873 2633 n.
1918 2568 2022 2648 44,
2057 2565 2155 2647 3),
2199 2568 2253 2629 in
2301 2582 2411 2644 quo

102 2669 448 2747 superstites
512 2674 748 2749 patrono
793 2669 967 2733 liberti
1033 2684 1147 2734 una
1212 2687 1338 2735 cum
1382 2670 1479 2734 illo
1523 2674 1872 2751 comparent,
1938 2684 2175 2750 serpens
2242 2669 2411 2731 ramis

101 2771 321 2834 laureis
366 2772 779 2836 circumvoluta.
865 2773 1895 2862 §DgujS-jgiiui,Simulacrum.0U¹1¹.
1948 2774 2163 2836 ceterae
2216 2769 2411 2850 imagi-

76 2875 215 2948 ,nis‘
259 2873 476 2948 ratione
518 2880 717 2952 aperte
747 2877 986 2956 pugn-at·
1024 2890 1206 2956 nam„
1209 2876 1369 2950 ¹vivos
1414 2874 1665 2959 videmus
1690 2877 2045 2940 consociatos
2091 2891 2217 2938 cum
2264 2888 2412 2936 mor-

103 2978 337 3038 tuorum
382 2975 701 3045 comitibus.
792 2976 970 3051 Quam
1036 2977 1107 3042 ad
1152 2988 1266 3038 rem
1323 2977 1703 3066 explicandam
1770 2979 1821 3039 si
1865 2977 2237 3055 conjecturam
2282 2988 2411 3054 pro-

105 3078 258 3139 ferre
303 3078 489 3140 liceat.
555 3077 724 3140 videri
777 3079 1153 3165 monumenta
1194 3077 1529 3156 sepulcralia
1583 3079 1847 3163 principio
1893 3080 2075 3142 solam
2120 3074 2263 3159 vitae
2306 3074 2412 3158 hu-

105 3194 317 3242 manae
359 3179 600 3271 speciem
647 3181 908 3250 retulisse
951 3179 1157 3265 dicam3
1199 3161 1397 3263 deinde
1440 3181 1495 3244 in
1541 3182 2001 3251 consuetudinem
2046 3182 2290 3258 venisse,
2335 3181 2414 3256 ut,
2549 3250 2562 3281 ε
2745 3249 2808 3274 ¹„

106 3261 183 3357 ad
233 3267 485 3347 mortuos
539 3293 606 3349 ea
650 3281 950 3366 pertinere,
1016 3260 1302 3365 quadam
1310 3284 1520 3345 ratione
1564 3284 1986 3362 significaretur.
2073 3286 2154 3347 Ad
2210 3285 2317 3346 hoc
2360 3282 2414 3342 et
2502 3180 2860 3387 Ay‘ffifflm

1 3405 4 3415 ’
109 3383 503 3463 sepulcrorum
549 3370 850 3487 imagine&
916 3383 986 3445 de
1029 3383 1234 3460 quibus
1277 3396 1453 3462 supra
1496 3383 1699 3445 dietum
1744 3388 1861 3460 est,
1915 3389 1969 3446 et
2012 3388 2279 3465 anguium
2326 3382 2414 3445 his

1 3594 2 3602 ¹
262 3571 341 3634 ς5)
377 3570 521 3626 Talia
554 3574 866 3625 monumenta
900 3573 1099 3624 exstant
1134 3571 1182 3623 in
1220 3549 1393 3623 Museo
1425 3564 1689 3623 Veronensi
1726 3568 1849 3629 (tab.
1886 3569 1954 3625 49
1990 3567 2025 3624 f.
2061 3569 2139 3634 8),
2178 3568 2226 3621 in
2246 3563 2418 3619 Museo

1 3646 4 3695 3⁵
116 3655 268 3713 Nanii
313 3655 482 3725 (Βίας.
523 3653 622 3709 tab.
675 3653 799 3724 XL).
846 3654 1017 3710 Monti'.
1070 3654 1177 3709 Ant.
1214 3654 1345 3726 expl.
1391 3652 1446 3709 T.
1485 3650 1563 3723 V.,
1608 3653 1678 3726 pi.
1712 3654 1796 3709 42.
1868 3651 1973 3710 Huc
2021 3654 2225 3727 pertinet
2271 3651 2417 3706 etiam

1 3744 2 3798 ἶ
115 3745 166 3798 id
205 3742 337 3812 quod
371 3740 598 3796 describit
631 3738 806 3795 Rinek.
843 3739 1097 3807 (Kunstbl.
1138 3741 1289 3798 1828-
1323 3738 1382 3794 N.
1402 3741 1525 3802 em:
1563 3737 1740 3795 Kastor
1771 3755 1833 3794 zu
1868 3737 2038 3807 pferd,
2091 3735 2236 3793 durch
2274 3737 2416 3790 einen

118 3827 270 3883 Hund
306 3827 458 3883 neben
498 3825 591 3881 ihm
630 3827 706 3880 als
743 3824 894 3881 Pente
932 3826 1010 3888 (9)
1050 3825 1350 3893 bezeichnet,
1388 3823 1599 3880 befindet
1654 3823 1761 3879 sich
1799 3841 1881 3879 vor
1916 3828 2071 3881 einem
2107 3821 2415 3879 brennenden

118 3914 272 3980 Ahar,
311 3911 467 3967 hinter
501 3909 734 3971 welchem
771 3909 848 3966 die
884 3910 1063 3982 heiliga
1081 3909 1328 3984 Schlange
1364 3914 1444 3966 ist.
1516 3907 1750 3978 Ejusdem
1787 3913 1979 3982 generis
2007 3911 2246 3981 imagines
2282 3903 2419 3962 affert

119 4000 331 4069 denique
366 3997 428 4053 R.
463 3993 618 4052 Roch.
649 3993 779 4050 Mon.
816 3994 946 4052 Ined.
981 4013 1030 4070 p.
1051 3993 1119 4054 96
1153 4012 1214 4051 ex
1235 3989 1446 4052 Passerii
1484 3996 1671 4050 dissert.
1708 3994 1767 4052 de
1802 3999 2002 4052 animat.
2040 3995 2415 4058 transvectione,

125 4085 270 4154 eujus
308 4083 411 4139 libri
449 4082 739 4156 inspiciendi
774 4081 892 4136 mihi
944 4096 1042 4136 non
1085 4079 1173 4138 suit
1216 4079 1444 4138 facultas
1512 4079 1732 4137 Ceterum
1768 4079 1954 4145 ,titulus
1988 4082 2096 4150 ejus
2132 4080 2417 4134 toreumatis

121 4171 256 4242 quod
291 4174 370 4225 cst
404 4171 450 4223 in
489 4167 612 4224 Mus.
649 4166 775 4223 Nan.
815 4182 894 4237 ap.
932 4165 1076 4234 Biag.
1122 4166 1186 4221 ibi
1221 4169 1297 4222 sic
1331 4168 1534 4237 legitur:
1574 4163 1758 4240 ’Ὴρως
1792 4162 2069 4238 ἐπιφανὴς
2102 4160 2420 4234 ἑὶιιυιροῖπης,ο

125 4277 151 4311 e
188 4272 288 4327 quo
326 4255 655 4324 corrigendum
691 4250 924 4308 Boeckhii
964 4249 992 4306 ὁ
1031 4249 1244 4324 Κράτης
1287 4254 1362 4316 (C.
1400 4251 1435 4307 1.
1458 4255 1651 4320 3646),
1692 4252 1750 4306 de
1787 4253 1927 4320 eujus
1964 4252 2159 4306 veritate
2195 4253 2299 4322 ipse
2336 4248 2419 4304 du·

126 4343 214 4396 bit
204 4344 314 4397 wit.
