3059 5250
1616 460 1721 527 30

525 644 708 706 efficta
768 642 904 716 est).
965 639 1028 703 C.
1071 638 1122 701 J.
1165 634 1354 701 2102.
1403 636 1541 698 Add.
1584 630 1775 699 2322.
1800 636 1833 696 b
1865 630 1989 711 ⁸⁹).
2020 628 2225 721 3253.
2292 628 2502 708 (Rinck
2546 630 2584 692 1.
2628 648 2677 692 e.
2714 629 2819 708 41,

525 744 623 819 5.)
661 738 846 807 3262.
863 740 1110 821 ,(Μᾶηη.
1155 737 1260 801 Ox.
1304 738 1453 802 Prid.
1499 734 1589 815 9.)
1634 732 1823 801 3328.
1868 732 2005 816 (Ad
2044 737 2362 799 sinistram
2406 734 2689 797 sedentis
2722 744 2815 795 est

525 846 745 910 mulier
785 845 1094 928 gradiens
1134 862 1296 926 quae
1333 839 1467 924 sert
1514 841 1853 902 canistrum
1864 863 1887 913 ,·
1934 839 2229 919 apposita
2271 848 2417 900 sunt
2462 838 2625 900 cista
2666 854 2823 916 spa-

537 948 714 1013 thula
739 946 901 1026 (puto
931 942 1240 1016 flabellum)
1287 946 1627 1008 canistrum
1674 941 1774 1003 vel
1803 941 2116 1022 poculum.
2162 938 2225 1001 C.
2246 939 2295 1001 J.
2318 938 2453 1003 Add.
2474 934 2649 1001 2322
2672 938 2742 1000 b²
2762 940 2828 1015 ³)

529 1052 708 1129 (puer
769 1048 965 1111 cistam
1031 1046 1336 1125 apportans
1389 1045 1606 1107 mulieri
1660 1044 1949 1117 sedenti).
2080 1042 2165 1104 Cf.
2209 1039 2471 1105 Paciaud.
2515 1040 2667 1102 Mon.
2708 1038 2826 1101 Pe-

530 1154 644 1231 iop.
665 1152 725 1215 11.
769 1168 822 1229 p.
841 1146 970 1213 234
1011 1152 1066 1209 et
1109 1143 1212 1212 37.
1267 1147 1461 1209 Marm.
1506 1146 1611 1209 Ox.
1656 1145 1809 1209 Prid.
1855 1142 1960 1222 68,
2006 1140 2105 1220 77,
2149 1141 2253 1206 91.
2296 1143 2466 1208 Varia
2504 1141 2823 1221 suppellex,

529 1256 668 1315 inter
711 1266 878 1328 quam
921 1250 1066 1313 cista
1109 1250 1470 1329 semiaperto,
1515 1250 1756 1312 cernitur
1798 1250 1853 1310 in
1898 1248 2147 1326 zophoro
2190 1246 2473 1325 fastigium
2508 1244 2831 1309 sustinente

529 1350 874 1417 monumenti
913 1348 1158 1414 Eucleae
1200 1349 1497 1428 cujusdam
1564 1352 1738 1431 (Mus,
1779 1350 1983 1413 Veron.
2026 1346 2128 1426 49,
2180 1348 2262 1423 1).
2349 1346 2603 1410 Flabella
2646 1346 2833 1409 efficta

531 1458 667 1517 sunt
707 1472 760 1516 v.
805 1470 854 1515 c.
895 1453 953 1515 in
997 1455 1358 1517 monumento
1403 1452 1468 1517 C.
1508 1452 1561 1515 J.
1606 1453 1745 1516 Add.
1784 1448 1975 1517 2346.
2020 1470 2069 1515 c.
2079 1472 2097 1531 3
2138 1449 2350 1529 Exped.
2394 1450 2533 1512 Mor.
2578 1447 2705 1511 Vol.
2746 1446 2834 1510 111.

533 1558 682 1621 Tab.
729 1551 839 1633 18,
879 1550 952 1634 2;
1014 1554 1165 1618 MuS.
1208 1554 1414 1619 Veron.
1456 1550 1575 1632 47,
1615 1549 1679 1621 2.
1764 1554 2049 1619 Muliebris
2104 1552 2301 1631 opificii
2354 1552 2725 1622 instrumenta
2781 1568 2836 1611 v.

533 1660 598 1721 C.
640 1658 688 1721 J.
733 1654 934 1734 3219,
987 1653 1176 1721 3234.
1260 1657 1444 1736 Ipsam
1491 1656 1729 1720 feminae
1772 1657 2185 1721 exornationem
2228 1656 2283 1717 in
2328 1654 2691 1725 monumento
2736 1668 2836 1713 se·

531 1760 765 1840 pulcrah·
807 1773 1134 1838 expressam
1177 1756 1438 1820 describit
1481 1760 1743 1823 Gerhard.
1790 1762 1958 1838 (Anu.
2000 1760 2055 1821 d.
2098 1758 2235 1821 Inst.
2278 1754 2349 1835 9,
2400 1752 2592 1833 122.);
2640 1754 2745 1818 On
2783 1776 2839 1841 y

529 1864 659 1925 voit
703 1863 870 1924 deux
908 1856 1165 1943 femmes
1209 1858 1514 1938 occupe'es
1555 1860 1598 1925 ἁ
1636 1860 1813 1945 faire
1856 1862 1920 1925 Ia
1961 1861 2200 1925 toilette
2244 1863 2430 1925 d’une
2470 1855 2829 1933 troisie'me3

531 1964 781 2029 celle-ci
841 1964 1024 2025 velue
1087 1963 1176 2024 du
1243 1962 1458 2025 chilon
1502 1972 1563 2027 et
1618 1964 1705 2027 du
1745 1964 1967 2045 peplos
2010 1966 2123 2047 qui
2166 1963 2229 2026 la
2272 1962 2455 2039 veile,
2498 1984 2541 2025 a
2582 1962 2643 2025 le
2686 1963 2838 2025 bras

409 2152 424 2158 ᾖ
533 2066 786 2150 gaudie
830 2048 1026 2129 retire'
1065 2083 1206 2127 vers
1248 2067 1354 2128 soi
1392 2075 1458 2128 et
1499 2066 1559 2129 le
1602 2066 1751 2129 bras
1792 2067 1965 2129 droit
2008 2064 2235 2128 &tenda
2278 2084 2421 2127 vers
2462 2058 2589 2127 mie
2634 2066 2713 2131 de
2732 2086 2838 2129 ses

531 2182 916 2251 campagnes
957 2168 1070 2249 qui
1111 2165 1204 2229 lui
1245 2186 1530 2253 arrange
1572 2166 1638 2251 [ιζ
1680 2167 2036 2231 εΙιαιιεειινε.
2098 2211 2105 2217 -
2148 2167 2327 2233 Certe
2378 2165 2672 2231 dernie're
2724 2170 2843 2251 qui

533 2290 604 2333 se
643 2280 862 2333 trouve
899 2288 1171 2351 presque
1213 2275 1256 2330 ‘a
1295 2288 1592 2351 genuum,
1630 2272 1888 2351 ,devant
1940 2269 2095 2333 celle
2146 2272 2259 2354 qui
2300 2281 2393 2333 est
2436 2270 2664 2343 uarice,
2736 2280 2837 2333 est

483 2452 488 2463 1
533 2382 828 2437 converte
849 2376 992 2451 'par
1031 2388 1120 2433 im
1165 2371 1426 2448 bonnet,
1493 2370 1717 2433 l’a‘utre
1756 2390 1829 2433 se
1869 2372 2198 2451 distingue
2240 2390 2363 2451 par
2402 2390 2523 2433 ime
2564 2382 2842 2435 caesetio

533 2474 756 2559 qu’elle
799 2474 956 2536 tient
997 2474 1160 2536 dum
1201 2492 1302 2535 ses
1345 2474 1563 2535 mains.
1650 2470 1827 2545 Quam
1884 2471 2178 2551 imaginem
2192 2516 2213 2551 ,
2280 2476 2339 2534 ut
2388 2486 2585 2534 omnes
2626 2472 2836 2550 sepul·
2892 2522 2899 2529 ,

531 2577 742 2655 oraleS,
809 2591 922 2639 non
987 2573 1058 2638 ad
1123 2574 1412 2656 singulare
1451 2575 1711 2638 eventum
1754 2577 2008 2654 spectare
2050 2572 2354 2654 putandum
2398 2576 2515 2638 est:
2578 2574 2678 2652 (ad
2723 2590 2836 2638 uu-

531 2681 677 2759 ptias
721 2678 866 2740 enim
909 2676 1056 2740 hanc
1091 2678 1274 2740 ornari
1317 2677 1435 2740 vult
1487 2673 1778 2754 Gerhard.)
1821 2675 1925 2740 sed
1968 2677 2039 2740 ad
2080 2677 2350 2740 actionem
2396 2679 2627 2757 saepius
2672 2692 2834 2756 repe-

535 2783 708 2857 titam,
749 2779 819 2841 ad
863 2780 1008 2841 vitae
1049 2777 1286 2857 denique
1327 2778 1809 2842 consuetudinem.

707 2880 840 2945 Non
905 2895 1142 2959 possum
1187 2895 1300 2944 non
1354 2880 1444 2942 his
1497 2895 1795 2960 apponere,
1838 2897 1981 2960 quae
2022 2881 2302 2962 praeclare
2344 2881 2479 2945 dixit
2514 2882 2595 2945 de·
2626 2895 2836 2944 monu-

535 2983 737 3048 mentis
801 2981 1213 3062 sepulcralibus
1277 2981 1503 3061 firaecis
1572 2982 1868 3061 Goethius,
1891 2995 2171 3068 ,tenuem
2226 2983 2473 3068 Grajae
2532 2985 2834 3064 spiritum

537 3085 890 3148 Camoenae
934 3082 1274 3147 Germanis
1314 3095 1715 3152 monstrator.
1806 3065 2035 3159 Qui'vir
2088 3089 2149 3150 ut
2202 3087 2405 3166 ingenii
2450 3102 2621 3165 prope
2664 3084 2837 3148 divini

517 3186 787 3248 acumine
828 3185 960 3264 plns
1004 3184 1180 3247 semel
1224 3186 1428 3248 rectius
1471 3185 1598 3262 quid
1642 3185 1883 3265 alicujus
1926 3189 2003 3249 rei
2047 3191 2203 3250 esset
2247 3189 2541 3268 perspexit,
2582 3203 2753 3264 quam
2800 3189 2839 3250 ii

534 3287 641 3366 ipsi
708 3286 802 3362 qui
871 3286 926 3347 in
981 3290 1096 3348 uno'
1149 3286 1407 3363 certoque
1459 3292 1789 3367 argumento
1831 3289 2224 3366 versabantur,
2288 3291 2365 3366 ita
2406 3291 2463 3351 et
2503 3289 2593 3352 hic
2634 3290 2836 3368 paucis

535 3389 722 3452 omnia
763 3387 1098 3452 exhausisse
1141 3387 1380 3465 videtur,
1443 3403 1589 3466 quae
1641 3390 1697 3453 in
1742 3391 2063 3480 universum
2108 3391 2177 3452 de
2218 3391 2418 3454 horum
2463 3407 2690 3472 operum
2738 3407 2837 3454 ra-

483 3479 490 3486 ’
532 3493 681 3556 tione
744 3491 848 3554 dIei
911 3488 1170 3570 possunt.
1258 3489 1548 3569 Leguntur
1587 3492 1684 3555 illa
1724 3493 1780 3554 in
1824 3469 2101 3563 itinerario
2146 3491 2262 3556 Ital.
2348 3491 2611 3570 (Werke,
2678 3495 2837 3556 Aus-

534 3593 680 3674 gabe
741 3609 852 3656 von
920 3592 1080 3654 Cotta
1125 3587 1333 3656 1829.
1395 3590 1502 3657 Bd.
1546 3588 1649 3656 27.
1693 3611 1749 3672 p.
1786 3589 1915 3673 63.)
1981 3593 2075 3656 ubi
2138 3594 2209 3656 de
2261 3610 2463 3657 museo
2518 3593 2836 3656 Veronensi

535 3710 722 3757 sermo
765 3695 880 3756 est:
922 3691 1032 3756 Der
1075 3693 1264 3773 Wind,
1307 3694 1404 3756 der
1447 3711 1555 3758 von
1600 3695 1705 3758 den
1729 3696 1971 3758 Grabern
2003 3695 2101 3758 der
2122 3697 2281 3759 Alten
2305 3696 2575 3774 herweht,
2618 3694 2837 3760 kommt

534 3796 632 3858 mit
674 3795 1120 3873 Wohlgerilchen
1163 3795 1300 3858 tiber
1343 3797 1504 3859 einen
1550 3795 1932 3876 Rosenhngel.
1982 3798 2085 3861 Die
2127 3798 2449 3862 Grabmaler
2490 3797 2619 3860 sind
2662 3797 2835 3862 herz-

536 3897 642 3961 lieh
687 3896 800 3960 und
846 3895 1103 3974 rfihrend,
1146 3897 1261 3960 und
1305 3898 1506 3960 stellen
1552 3899 1745 3960 immer
1787 3898 1892 3960 das
1934 3900 2119 3963 Leben
2164 3901 2281 3963 her.
2364 3901 2453 3964 Da
2492 3900 2692 3963 stehen
2715 3899 2837 3963 Va-

533 4000 618 4060 ter
660 3998 773 4061 und
817 3997 1042 4076 Mutter,
1105 3997 1204 4059 der
1245 3996 1401 4062 Sohn
1447 4000 1502 4063 in
1546 3999 1643 4061 der
1684 3969 1870 4078 Mitte,
1925 4002 2187 4064 einander
2230 3998 2327 4064 mit
2370 3999 2841 4082 unaussprechli-

537 4099 666 4162 cher
717 4097 1110 4162 Natssrlichkeit
1173 4100 1520 4164 anblickend.
1609 4101 1739 4164 Hier
1782 4103 1952 4166 reicht
1994 4103 2115 4164 sich
2160 4103 2245 4167 ein
2290 4099 2437 4167 Paar
2480 4104 2566 4166 die
2612 4101 2839 4167 Hande.

536 4199 664 4264 Hier
708 4201 925 4266 seheint
965 4203 1052 4265 ein
1096 4201 1268 4266 Vater
1311 4201 1418 4266 auf
1452 4203 1664 4267 seinem
1708 4201 1900 4283 Sopha
1952 4205 2165 4269 ruhend
2219 4222 2325 4269 von
2370 4205 2556 4288 semer
2599 4204 2842 4268 Familie

538 4301 882 4365 unterhalten
925 4321 1003 4367 zu
1046 4305 1292 4369 werden.
1399 4304 1502 4368 Mir
1544 4322 1667 4370 war
1710 4305 1798 4369 die
1841 4306 2225 4372 unmittelbare
2267 4309 2605 4387 Gegenwart
2644 4307 2841 4373 dieser

2960 660 3003 701 ς.
