3059 5250
1111 474 1343 541 -31

0 722 28 737 „
156 646 380 711 Scenen
426 649 628 713 hochst
670 649 932 721 rilhrend,
1016 648 1138 713 Von
1181 650 1436 727 spaterer
1477 647 1669 711 Kunst
1710 650 1853 713 sind.
1882 651 1997 727 sie,
2048 651 2181 715 aher
2224 653 2459 735 einfach,

153 749 436 812 natiirlich
502 748 613 813 und
677 752 972 833 allgemein
1039 750 1451 829 ansprechend.·
1576 734 1705 813 Hier
1756 752 1850 815 ist.
1872 748 1998 815 kein
2044 753 2460 833 geharnischter

151 850 330 913 Manu
373 852 479 915 aul*
515 852 618 916 den
677 852 914 930 Knieen,
958 853 1057 915 der
1099 850 1222 913 eine
1265 850 1532 915 frontiche
1575 852 1991 933 Auferstehung
2032 856 2307 919 erwartet.
2352 857 2461 919 Der

149 950 434 1015 Kiinstler
495 954 591 1016 liat
649 955 747 1017 mit
799 954 956 1017 mehr
998 953 1132 1016 oder
1175 953 1425 1032 weniger
1467 952 1739 1017 Geschick
1782 972 1889 1019 nur
1932 956 2019 1018 die
2061 956 2309 1021 einfache
2352 960 2461 1021 Ge-

152 1056 416 1136 genwart
477 1056 578 1118 der
620 1054 921 1117 Menschen
966 1054 1318 1134 hingestellt,
1373 1056 1490 1117 ihre
1534 1053 1803 1119 Existenz
1846 1056 2089 1120 dadurch
2136 1058 2464 1139 fortgesetzt

155 1158 276 1221 und
321 1157 576 1221 bleibend
621 1156 895 1237 gemacht.
984 1153 1080 1218 Sie
1125 1155 1295 1219 salten
1340 1156 1491 1220 nicht
1531 1154 1619 1219 die
1662 1156 1877 1237 Hande,
1922 1158 2169 1223 schauen
2212 1160 2362 1223 nicht
2406 1160 2459 1223 iu

155 1260 267 1323 den
311 1258 582 1338 Himmel,
649 1256 895 1321 sondern
953 1258 1037 1319 sie
1081 1258 1207 1321 sind
1254 1252 1572 1339 hienieden,
1639 1276 1767 1323 was
1811 1260 1896 1322 sie
1928 1253 2129 1324 'waren
2177 1261 2289 1324 und
2336 1250 2461 1325 was

154 1362 245 1423 sie
291 1360 440 1424 sind.
525 1358 620 1423 Sie
665 1362 860 1423 stenen
907 1361 1281 1439 heisammen,
1327 1361 1565 1424 nehmen
1610 1361 1827 1425 Antheil
1870 1352 2239 1440 aneinander,
2273 1356 2462 1425 'lieben

155 1463 287 1525 sich
353 1462 465 1525 und
527 1462 632 1525 das
697 1462 778 1525 ist
820 1463 874 1525 in
919 1462 1028 1524 den
1076 1460 1334 1542 Steinen,
1389 1479 1564 1543 sogar
1605 1463 1703 1525 mit
1746 1463 1895 1526 einer
1940 1458 2226 1543 gewissen
2270 1458 2461 1527 Hand-

153 1562 727 1645 werksunfahigkest,
769 1564 1076 1629 allerliebst
1115 1564 1506 1645 ausgedrtickt.

329 1666 420 1730 Ex
461 1669 531 1729 iis
576 1682 719 1745 quae
761 1666 943 1730 adhuc
983 1666 1139 1729 attuli
1183 1666 1452 1747 exemplis
1495 1666 1550 1728 id
1592 1665 1925 1745 apparuisse
1966 1664 2119 1747 puto,
2163 1666 2217 1727 in
2262 1682 2463 1730 monu-

158 1768 366 1833 mentis
411 1768 1047 1859 sepulcralibusnneque
1091 1770 1322 1831 mortem
1369 1782 1551 1845 neque
1594 1768 1761 1830 vitam
1805 1769 1935 1846 post
1978 1768 2207 1831 mortem
2232 1784 2463 1847 expres·
2522 1662 2651 1907 Bt

132 1875 290 1951 ‚sam
355 1887 490 1933 esse
554 1872 656 1934 sed
711 1871 894 1949 ipsam
945 1871 1112 1933 vitam
1156 1868 1453 1933 humanam
1499 1866 1989 1952 repraesentatam.
2076 1864 2240 1933 Nunc
2283 1871 2351 1933 de
2394 1871 2465 1932 iis
2584 1940 2593 1969 ἶ

157 1970 368 2049 dicam,
410 1973 466 2036 in
511 1972 711 2050 quibus
755 1972 1031 2036 nonnulla
1074 1972 1210 2034 sunt
1250 1972 1322 2035 ad
1366 1970 1599 2035 mortem
1620 1972 1947 2035 necessario
1968 1972 2285 2050 reserenda3
2326 1989 2464 2050 qua-

161 2072 238 2135 lia
281 2073 464 2135 tamen
509 2072 750 2135 indicata
792 2074 976 2155 magis
1023 2088 1188 2151 quam
1234 2088 1506 2152 expressa
1560 2088 1693 2134 esse
1747 2072 2059 2152 apparebit,
2129 2076 2183 2136 et
2223 2075 2300 2136 ita
2343 2076 2465 2151 qui-

159 2174 291 2237 dem
333 2174 590 2253 indicata,
631 2176 693 2238 ut
736 2146 878 2237 vit'ae
922 2174 1220 2255 imaginem
1244 2174 1545 2251 quominus
1566 2190 1970 2254 agnoscamus,
2016 2192 2126 2238 non
2150 2176 2467 2255 impediant.

339 2276 689 2357 Quantopere
753 2276 1067 2339 studuerint
1131 2276 1324 2339 Graeci
1388 2275 1585 2339 mortis
1648 2277 1927 2340 notionem
1993 2278 2154 2355 quasi
2209 2278 2468 2358 obtegere
2529 2298 2793 2381 Qum

160 2380 578 2457 repraesentata
619 2378 838 2443 actione
885 2378 1123 2456 quadam
1169 2379 1311 2441 vitae
1355 2378 1811 2459 consuetudinem
1868 2379 2163 2465 referente,
2218 2396 2465 2468 primurn
2564 2382 2602 2429 Υ

159 2481 218 2542 id
265 2481 453 2560 docet,
513 2480 659 2559 quod
705 2481 828 2545 vale
870 2480 1116 2545 dicentes
1161 2480 1350 2560 effingi
1393 2480 1655 2544 solebant
1696 2482 1914 2567 mortui.
1974 2472 2148 2557 ,Qua
2176 2484 2231 2545 in
2279 2500 2337 2545 re
2380 2484 2466 2567 ta-

156 2599 294 2646 men
338 2582 509 2657 multi,
543 2597 630 2645 vv.
670 2581 764 2654 dd.
806 2582 1034 2648 modum
1077 2580 1424 2660 transgressi
1468 2584 1621 2660 sunt,
1664 2566 1757 2659 qui
1801 2582 2117 2662 ubicunque
2159 2584 2215 2646 in
2260 2600 2465 2648 monu-

157 2685 369 2748 mentis
413 2682 822 2763 sepulcralibus
865 2684 1011 2754 duos
1055 2698 1262 2746 manus
1293 2680 1609 2762 jungentes
1641 2687 2064 2764 conspexerant,
2106 2699 2208 2748 eos
2229 2685 2473 2748 dicerent

159 2786 540 2864 valedicentes
584 2801 739 2850 esse.
826 2784 947 2848 Hac
990 2786 1178 2868 specie
1221 2785 1350 2864 quid
1393 2784 1737 2864 significetur
1779 2787 2036 2849 nimirum
2080 2787 2273 2850 certari
2316 2802 2469 2849 sem-

156 2905 266 2969 per
310 2889 506 2968 poterit
515 2909 534 2966 3
571 2888 626 2949 et
668 2903 830 2964 quem
873 2887 962 2950 hic
1004 2887 1298 2950 abeuntem
1341 2887 1436 2949 ille
1477 2878 1863 2948 advenientem
1908 2902 2040 2949 esse
2082 2887 2323 2967 putabit,
2366 2903 2469 2950 ne-

163 3007 278 3068 que
321 2990 448 3068 qu1's
493 2988 655 3052 facile
699 3004 846 3054 rem
857 2988 936 3052 ita
976 2986 1288 3066 explicabit,
1331 2989 1392 3049 ut
1436 2985 1697 3049 omnibus
1742 2987 2072 3049 sententiam
2115 2988 2325 3066 probet.
2400 2989 2472 3050 At

169 3093 225 3156 si
270 3092 326 3155 in
370 3091 734 3154 monumento
779 3089 929 3166 quod
972 3088 1086 3151 aeri
1129 3087 1364 3151 incisum
1409 3089 1496 3149 est
1541 3087 1594 3149 in
1638 3085 1851 3166 Exped.
1890 3087 2120 3151 Moreot.
2142 3087 2227 3151 111.
2271 3087 2346 3166 pl.
2373 3083 2471 3166 14,

164 3195 229 3257 6.
275 3194 376 3275 (cs.
424 3193 488 3256 C.
528 3192 577 3256 J.
618 3191 760 3254 Add.
767 3184 1137 3266 2322b⁵⁸)
1184 3186 1330 3251 duos
1394 3189 1545 3250 viros
1610 3187 1864 3251 videmus
1926 3190 2186 3254 manibus
2225 3189 2472 3285 ,iunctis3

165 3297 245 3361 ibi
291 3295 510 3372 quidem
553 3292 840 3371 inscriptio
885 3289 1290 3374 (Βαρναναῒε
1335 3283 1446 3353 καὶ
1475 3284 1861 3376 Τιμοκράτη
1883 3288 2157 3378 χρηστοὶ
2174 3289 2467 3377 χαίρετε)

165 3394 322 3459 vetat
362 3411 471 3458 nos
515 3393 763 3474 cogitare
803 3391 875 3453 de
917 3389 1134 3454 mortuo
1177 3389 1268 3450 cui
1311 3387 1582 3451 valedicat
1624 3392 1941 3468 superstes3
1991 3407 2120 3454 cum
2160 3394 2349 3473 potius
2370 3392 2468 3454 de·-

154 3497 454 3587 signetu[
457 3495 745 3590 amicitia,
810 3507 922 3572 qua
984 3490 1040 3554 hi
1083 3489 1181 3554 viri
1223 3489 1280 3552 in
1326 3490 1436 3554 vita
1478 3489 1756 3570 conjuncti
1796 3491 2048 3570 suerunt,
2110 3508 2255 3570 quos
2296 3508 2467 3612 unum

165 3597 376 3676 recepit
417 3597 772 3681 sepulcrum

427 3741 688 3814 τοῦτοὸ
735 3739 840 3815 ἐπ’
890 3739 1340 3832 ἀμφοτέροισι
1381 3737 1845 3811 πολύκλαυτον
1888 3710 2247 3832 φιλότητος

436 3847 704 3936 ἕστηκεν
735 3844 892 3938 ’λείῃ
933 3849 1163 3932 μνᾶμα
1207 3845 1395 3933 παρὰ
1439 3840 1687 3933 τριόδῳ
1717 3849 1841 3926 39).

346 3989 557 4068 Eadem
602 4005 814 4068 ratione
844 4002 1082 4086 judicari
1125 4015 1364 4070 necesse
1406 3999 1494 4062 est
1547 4000 1616 4063 de
1670 4000 1834 4064 simili
1878 3979 2237 4066 monumento
2279 4001 2374 4077 (C.
2417 4002 2467 4071 J.

169 4109 236 4172 11.
280 4107 425 4171 Add.
467 4101 666 4170 2322.
701 4106 738 4168 b
760 4105 816 4183 ²)
883 4108 952 4170 in
1007 4125 1134 4188 quo
1175 4123 1368 4167 senex
1413 4113 1920 4184 repraesentatus
1961 4105 2185 4168 sedens
2228 4123 2467 4168 manum

311 4319 384 4388 ε’)
421 4319 564 4378 anth.
601 4319 680 4379 or.
717 4319 775 4376 τ.
810 4317 848 4374 1.
887 4317 1015 4375 Sea.
1054 4315 1153 4375 vn.
1192 4334 1242 4375 n.
1260 4321 1380 4380 475.

3032 702 3049 735 -τ
3032 614 3037 645 “
3032 466 3037 477 ·
3030 220 3059 407 ·-··.-“τ.ῑ-
