3059 5250
1650 468 1755 539 22

563 652 784 713 brorum
829 647 994 725 ,iuxta
1037 646 1378 711 mortuorum
1447 646 1719 725 imagines
1774 646 1955 711 efficta
2008 648 2096 709 est
2116 694 2133 723 ,
2210 648 2271 709 ut
2316 646 2380 709 C.
2426 644 2468 707 l.
2516 640 2709 707 3226.
2752 640 2863 707 29.

561 752 620 815 ln
663 752 1021 814 monumento
1059 748 1340 811 communi
1383 748 1621 811 duorum
1665 746 1995 828 conjugum,
2038 749 2129 812 ubi
2173 747 2385 826 mulier,
2430 748 2492 809 ut
2535 745 2741 823 solent,
2786 747 2867 808 ci-

563 854 729 931 stam,
773 852 852 915 vir
893 850 1152 914 volumen
1195 850 1344 912 tenet
1395 848 1581 921 (Clar.
1626 849 1703 927 pl.
1745 846 1894 927 252,
1936 846 2112 929 270).
2196 847 2389 913 Simile
2432 851 2865 911 monumentum

561 953 934 1036 Smyrnaeum
977 950 1240 1015 describit
1279 948 1526 1013 Boeckh.
1573 950 1638 1014 C.
1673 950 1713 1014 Ι.
1760 952 1951 1015 3217.
2030 955 2120 1017 -In
2162 954 2403 1016 dextra·
2433 948 2655 1015 mulier
2699 970 2869 1033 quae

560 1076 800 1120 manum
835 1055 1063 1138 Jungit
1113 1055 1282 1127 viro,
1353 1054 1462 1136 qui
1515 1055 1586 1117 in
1636 1056 1901 1120 sinistra
1944 1064 2070 1139 est3
2134 1056 2382 1119 mulieri
2432 1055 2539 1117 ad*
2572 1054 2869 1119 dextram

561 1160 774 1223 adstat
834 1178 994 1239 puer
1021 1155 1263 1245 ‘librum
1306 1166 1568 1237 tenens.
1645 1154 1894 1219 Fuerunt
1954 1157 2049 1235 qui
2094 1159 2148 1247 et
2188 1157 2278 1219 hic
2319 1156 2394 1219 de
2440 1149 2630 1227 ”morte
2694 1157 2752 1219 et
2796 1155 2873 1219 de

560 1262 712 1323 statu
753 1260 1064 1323 animarum
1121 1260 1252 1337 post
1290 1264 1523 1323 mortem
1580 1258 1903 1339 cogitarent.
1990 1258 2171 1327 Rinck
2220 1258 2295 1330 (l.
2343 1258 2383 1321 l.
2430 1256 2537 1337 411,
2587 1253 2670 1333 1).
2756 1255 2869 1318 Ein

559 1346 1024 1441 gutgearbeitetes
1069 1361 1382 1425 Grabreliel'
1427 1362 1585 1423 eines
1629 1361 1892 1423 Griechen
1948 1362 2099 1441 zeigt
2139 1361 2245 1423 den
2293 1360 2708 1423 Verstorbenen
2763 1359 2869 1421 mit

559 1461 682 1523 dem
727 1460 1078 1526 Bruchstllck
1127 1464 1282 1527 einer
1323 1462 1519 1539 Rolle‚
1572 1463 1877 1553 gleichsam
1922 1464 2134 1525 seinem
2176 1460 2550 1539 Lebenslauf‚
2604 1455 2706 1523 der
2749 1460 2865 1523 ihm

559 1563 865 1644 nachrolgt.
953 1564 1146 1628 Infelix
1189 1580 1331 1627 sane
1369 1564 1691 1647 explicatio3
1756 1564 1859 1627 sed
1902 1564 1953 1627 si
1994 1563 2322 1656 felicissima
2355 1562 2525 1640 soret,
2580 1562 2712 1639 quid
2756 1561 2866 1625 ob-

559 1678 722 1726 secro
763 1665 940 1744 cogit,
1005 1649 1069 1729 ht
1109 1656 1403 1729 remotiora
1456 1668 1713 1745 petamus
1772 1664 2103 1745 posthabitis
2146 1664 2249 1742 iis»,
2314 1674 2457 1740 'quae
2499 1665 2554 1725 in
2602 1669 2867 1743 promptu

559 1761 739 1828 sunt?
825 1765 971 1827 Idem
1017 1765 1175 1842 (ibid.
1209 1764 1282 1844 2)
1327 1770 1747 1830 monumentum
1790 1768 2051 1830 describit
2092 1782 2217 1829 cum
2260 1766 2418 1829 titulo
2463 1766 2567 1828 M.
2403 1758 2865 1884 Ὀππίῳ

555 1856 939 1957 Qevdvdssffl
975 1860 1238 1951 Ὀππία
1283 1859 1511 1944 Ἐλπὶς
1564 1863 1783 1959 κᾳὶ
1732 1870 1841 1952 Μ.
1849 1849 2867 1954 Οππωωωᾶῃω,

483 1988 758 2058 egion
811 1965 926 2033 καὶ
971 1962 1201 2050 αὑτοῖς
1129 1952 1598 2057 “ζ”ιί’“ἶίῖ“τ“ζξξΜ
1588 1943 1783 2032 Die
1754 1940 1871 2032 drei
1927 1971 2247 2049 Personen,
2312 1969 2479 2033 deren
2542 1969 2638 2033 die
2682 1970 2861 2033 Grab-

555 2068 748 2133 schrift
789 2070 1057 2151 gedenkt,
1121 2072 1246 2147 sind
1293 2071 1555 2135 oberhalb
1609 2076 1671 2135 in
1714 2073 1903 2152 gutem
1948 2069 2077 2153 Styl
2130 2070 2464 2151 abgebildet.
2551 2072 2865 2135 Menander

553 2171 610 2231 in
655 2171 963 2251 sitzender,
1027 2170 1488 2235 nachdenkender
1529 2148 1793 2253 Stellung
1852 2173 1964 2236 und
2032 2171 2328 2251 bekleidet3
2395 2188 2493 2235 vor
2548 2172 2663 2234 ihm
2708 2172 2865 2234 steht

551 2269 712 2349 Elpis
733 2272 1048 2351 gleichfalls
1089 2272 1378 2353 bekleidet,
1423 2274 1537 2338 und
1580 2274 1677 2336 der
1708 2273 2071 2355 jugendliche
2100 2274 2352 2337 Faustus
2396 2275 2493 2337 hat
2534 2274 2661 2338 eine
2686 2271 2864 2337 Rolle

547 2370 608 2436 in
675 2375 774 2437 der
813 2372 1044 2453 Linken‚
1107 2376 1569 2439 wahrscheinlich
1630 2377 1721 2439 die
1762 2376 2011 2439 Lobrede
2072 2377 2179 2439 auf
2242 2376 2435 2439 seinen
2480 2375 2679 2437 Herrn.
2770 2375 2866 2437 Ne

549 2481 668 2539 tum
691 2476 930 2554 quidem,
973 2478 1023 2540 si
1066 2494 1290 2540 sumere
1331 2478 1517 2540 liceret
1582 2494 1789 2541 morem
1814 2478 2217 2560 Romanorum,
2257 2478 2329 2549 ut
2370 2474 2687 2546 hominibus
2734 2478 2855 2556 pri-

549 2563 694 2642 vatis
739 2578 917 2642 honor
957 2579 1294 2644 laudationis
1357 2578 1607 2644 funebris
1650 2579 2068 2659 concederetur,
2136 2596 2267 2644 cum
2318 2579 2546 2658 imperio
2587 2577 2859 2643 Romano

549 2681 606 2743 in
651 2681 935 2746 Graeciam
990 2697 1126 2744 esse
1177 2683 1538 2759 translatum,
1602 2697 1675 2742 ne
1716 2683 1833 2744 tum
1878 2678 2096 2758 quidem
2162 2682 2233 2746 ab
2297 2683 2403 2746 hac
2444 2681 2859 2745 consuetudine

548 2784 688 2846 haec
729 2783 948 2861 species
993 2782 1262 2845 videretur
1305 2782 1599 2862 repetenda
1640 2797 1792 2846 esse.
1880 2783 2041 2846 Certe
2084 2799 2153 2846 ex
2196 2779 2426 2847 Solonis
2470 2782 2694 2861 legibus
2736 2805 2861 2849 uec

549 2885 628 2949 cle
671 2886 903 2950 mortui
944 2885 1130 2948 laude
1170 2886 1300 2950 nisi
1341 2888 1409 2949 in
1446 2885 1725 2967 publicis
1764 2885 2123 2969 sepulturis,
2164 2905 2295 2949 uec
2324 2887 2407 2950 ab
2452 2886 2587 2989 alic
2628 2887 2763 2950 nisi
2792 2889 2861 2950 si

545 2991 660 3072 qui
692 2987 946 3071 publice
987 2989 1076 3051 ad
1116 3008 1246 3050 eam
1291 3009 1418 3051 rem
1461 2991 1836 3052 constitutus
1879 2990 2237 3067 esset,d1·ci
2278 2983 2550 3054 licebat
2588 2987 2737 3068 (Cic.
2780 2988 2857 3050 de

495 3167 498 3174 Ι
547 3090 700 3169 legg.
743 3085 806 3168 2,
847 3085 984 3163 26.)
1071 3087 1200 3152 Veri
1243 3091 1424 3163 simile
1475 3095 1662 3154 autem
1716 3092 1840 3167 est,
1906 3089 2186 3167 libertum,
2250 3091 2343 3167 qui
2386 3105 2575 3153 coram
2618 3089 2857 3154 domino

543 3190 677 3253 dum
720 3189 923 3252 viveret
948 3190 1287 3280 ,saepissime
1329 3192 1582 3270 legisset,
1624 3191 1825 3253 etiam
1808 3207 1863 3252 m
1898 3192 2260 3254 monumento
2300 3207 2337 3254 a
2380 3207 2445 3254 se
2466 3192 2655 3254 erecto
2676 3191 2861 3271 huius

545 3292 624 3354 rei
680 3291 1000 3354 memoriam
1057 3291 1264 3354 servari
1318 3292 1591 3357 voluisse.
1676 3292 1795 3358 Nec
1846 3292 2073 3356 meliore
2114 3291 2247 3370 jure
2308 3293 2541 3356 eandem
2601 3295 2855 3374 explica-

542 3395 746 3457 tionem
793 3393 1016 3472 protulit
1057 3392 1326 3457 Rinckius
1369 3395 1424 3458 in
1473 3396 1831 3458 monumento
1875 3395 2006 3459 ibid.
2050 3394 2185 3472 (42,
2205 3395 2279 3472 8)
2322 3395 2621 3473 descripto.
2682 3395 2851 3470 Quod

543 3498 600 3560 in
645 3495 1018 3558 monumentis
1041 3494 1446 3574 sepulcralibus
1489 3496 1649 3558 etiam
1696 3496 1935 3560 feminae
1975 3499 2280 3578 appareant
2320 3497 2605 3560 volumina
2648 3499 2855 3562 tenen-

539 3601 656 3676 tes,
715 3597 939 3660 minime
981 3596 1178 3659 mirum
1223 3598 1339 3674 est3
1392 3595 1631 3659 seminas
1674 3598 1858 3660 autem
1904 3597 2085 3660 rarius
2139 3597 2243 3660 hac
2286 3595 2497 3662 ratione
2540 3615 2681 3662 esse
2722 3601 2854 3664 effi·

539 3703 662 3762 ctas
706 3713 804 3777 per
869 3714 935 3760 se
977 3698 1128 3776 patet
1165 3696 1190 3732 ²
1207 3700 1293 3770 θ).
1380 3695 1538 3772 Quod
1594 3698 1759 3778 igitur
1814 3697 2131 3763 Gerhardus
2184 3699 2313 3762 dicit
2374 3699 2545 3780 (Ann.
2588 3701 2650 3769 d.
2694 3701 2741 3764 1.
2790 3704 2855 3780 9,

543 3797 726 3875 1252:
767 3797 922 3865 Plus
963 3811 1227 3862 souvem
1271 3800 1324 3864 il
1357 3821 1410 3886 y
1451 3821 1491 3862 a
1534 3801 1645 3863 des
1687 3802 1985 3866 attribuis
2028 3804 2140 3886 qui
2178 3821 2249 3866 se
2272 3814 2648 3886 rapportent
2692 3801 2736 3868 ὰ
2784 3805 2853 3868 la

537 3902 928 3989 symbolique
961 3899 1236 3986 funebre
1281 3903 1393 3966 des
1436 3902 1725 3980 ‹mciens3
1793 3905 1941 3968 c‘est
2000 3905 2143 3969 bien
2186 3903 2244 3969 le
2286 3925 2426 3984 cas,
2492 3907 2715 3987 quand
2758 3925 2853 3968 on

680 4072 771 4134 ⁸⁸)
803 4068 1020 4126 Ceterum
1073 4081 1171 4124 non
1209 4068 1372 4124 omnia
1415 4067 1664 4124 volumina
1714 4075 1831 4126 sunt
1866 4085 1992 4143 quae
2044 4085 2129 4143 pro
2164 4072 2227 4126 iis
2262 4073 2485 4126 veneunt.
2556 4068 2609 4124 In
2662 4084 2847 4128 monu-

536 4159 697 4211 mento
731 4155 977 4226 praeclaro
1015 4155 1385 4225 Φρασικλείας
1417 4149 1688 4216 (Stackelb.
1722 4153 1933 4220 Grahgd.
1967 4152 2090 4209 Hell.
2126 4154 2232 4209 Taf.
2248 4151 2331 4220 l.)
2366 4156 2633 4228 scipionem
2670 4159 2849 4226 potius

536 4239 724 4295 videtur
758 4244 918 4296 tenere
952 4239 1132 4296 femina
1165 4238 1345 4294 sedens
1379 4252 1521 4309 quem
1558 4237 1795 4292 volumen.
1830 4235 2098 4301 (Stackelb.
2134 4240 2178 4293 si
2216 4237 2389 4294 audias
2426 4255 2472 4311 p.
2488 4241 2562 4296 36
2596 4237 2693 4294 hoc
2728 4247 2847 4297 est:

535 4325 628 4382 Der
663 4323 957 4394 Ehevertrag
993 4325 1106 4380 oder
1141 4324 1231 4380 die
1267 4321 1624 4394 Empfeltluny
1658 4339 1729 4376 an
1764 4323 1853 4378 die
1887 4323 2314 4380 unterirdischen
2350 4325 2574 4380 Gener!
2606 4333 2623 4348 ‘

3010 648 3055 697 τι
