3059 5250
617 2396 632 2403 “
659 2380 991 2459 scriptiones
1033 2388 1219 2446 autem
1265 2385 1460 2447 borum
1505 2378 1861 2445 tricliniorum
1904 2383 2003 2443 aut
2046 2382 2293 2443 omnium
2340 2385 2685 2445 coenantium
2734 2385 2932 2445 nomin

1753 458 1858 524 m

829 635 897 695 At
957 632 1028 695 de
1072 632 1377 709 posteriore
1432 632 1676 712 cogitare
1742 646 1851 693 nos
1896 633 2068 711 vetat,
2134 633 2281 709 quod
2346 634 2451 697 hoc
2516 648 2639 693 cum
2686 634 2909 695 sacrifici

661 734 1016 813 conjunctum
1061 732 1284 813 epulum
1331 749 1502 812 prope
1544 734 1731 811 ipsum
1776 734 1973 795 mortui
2018 736 2434 798 monumentum
2478 735 2741 813 dabatur,
2818 736 2917 797 und

657 840 714 901 in
759 836 942 900 medio
981 836 1332 899 coenantium
1358 839 1777 899 monumentum
1823 834 2135 915 sepulcrale
2164 837 2404 900 effictum
2452 842 2765 915 exspecteS‚
2816 834 2944 914 quod

661 941 719 1002 in
789 938 1050 1002 omnibus
1095 938 1166 999 iis
1212 938 1440 1000 vasibus
1487 938 1835 1019 lecythisque
1878 954 2021 1015 quae
2063 939 2423 1017 parentalium
2470 940 2775 1003 ostendunt
2826 941 2945 1002 ima·

657 1043 820 1121 gines
873 1041 1237 1119 conspicitur,
1303 1040 1357 1103 in
1414 1040 1502 1102 his
1547 1038 1886 1122 anaglyphis
1950 1054 2247 1118 uunquam.
2333 1040 2535 1103 Restat
2578 1042 2740 1121 igitur
2791 1046 2855 1104 ut
2898 1041 2949 1102 d'

659 1158 834 1207 coena
876 1159 913 1206 a
955 1142 1278 1223 parentibus
1331 1142 1605 1206 celebrata
1660 1144 2005 1223 cogitemus»,
2068 1160 2233 1219 quam
2279 1137 2710 1227 περίδειπνον
2766 1146 2915 1207 Grae

657 1247 1063 1323 nuncuparunt.
1127 1246 1197 1307 At
1239 1245 1377 1307 inter
1421 1260 1488 1307 ea
1530 1246 1903 1325 argumentas
1924 1261 2067 1322 quae
2109 1246 2179 1308 ad
2205 1246 2451 1309 lvluelleri
2496 1246 2827 1309 sententiam
2881 1264 2905 1307 r

658 1346 954 1411 tellendam
1012 1348 1242 1427 protuli,
1308 1345 1422 1411 duo
1465 1353 1601 1411 sunt
1644 1364 1785 1425 quae
1828 1348 1898 1410 ab
1942 1348 2047 1411 bac
2092 1348 2253 1410 etiam
2312 1349 2673 1427 explicatione
2717 1364 2827 1409 nos
2880 1364 2937 1409 re

657 1452 877 1515 vocant.
963 1449 1207 1512 Primum
1263 1450 1408 1511 enim
1465 1466 1579 1512 non
1624 1447 1881 1511 credibile
1926 1452 2043 1526 est,
2109 1462 2211 1511 eos
2277 1451 2367 1527 qui
2416 1452 2515 1515 vivi
2578 1450 2683 1511 sibi
2750 1446 2965 1513 monuss

658 1554 844 1615 menta
887 1553 1162 1633 erigerent
1205 1552 1571 1615 caerimonias
1628 1550 1684 1611 in
1730 1551 1799 1613 iis
1844 1550 2141 1631 tingendas
2186 1568 2437 1630 curasse,
2496 1553 2731 1631 quasin
2774 1552 2967 1612 hono·

661 1669 777 1717 rem
823 1669 966 1716 suae
1031 1654 1224 1716 mortis
1267 1654 1599 1717 observatas
1654 1654 1775 1715 fore
1816 1654 2047 1731 scirent3
2110 1653 2306 1716 deinde
2350 1654 2405 1715 in
2451 1654 2541 1716 bis
2588 1656 2933 1717 monumenti

661 1756 994 1833 superstites
1037 1772 1074 1816 a
1117 1754 1349 1829 mortuis
1395 1756 1553 1818 nullo
1599 1756 1760 1819 modo
1804 1754 2091 1815 distinctos
2137 1768 2270 1815 esse
2314 1753 2445 1815 dixi.

832 1869 946 1935 Sed
1009 1877 1138 1936 ante
1203 1874 1391 1936 omnia
1456 1874 1597 1936 tituli
1642 1873 1887 1953 inscripti
1930 1874 2081 1937 hanc
2116 1870 2501 1949 interpretandi
2561 1874 2833 1935 rationem
2886 1890 2969 1949 re,

661 1973 890 2051 pudiare
935 1978 1164 2056 cogunt.
1251 1976 1395 2039 Nam
1462 1980 1677 2039 omnes*
1719 1992 1850 2053 eOS,
1915 1989 2143 2053 quorum
2188 1973 2417 2035 nomina
2480 1974 2532 2035 in
2582 1977 2969 2053 monumentis

660 2076 1071 2155 sepulcralibus
1116 2079 1380 2157 inscripta
1421 2062 1559 2143 sunt
1602 2078 1749 2141 nude
1776 2078 2005 2155 posita,
2072 2093 2172 2154 pro
2216 2077 2448 2139 mortuis
2492 2076 2786 2139 habendos
2832 2094 2938 2139 ess

659 2179 1032 2241 certissimum
1077 2184 1194 2260 est,
1259 2182 1369 2243 nisi
1425 2184 1520 2243 aut
1572 2196 1642 2243 ex
1698 2178 1941 2243 formula
1990 2179 2127 2244 tituli
2171 2181 2435 2257 appareat
2476 2178 2721 2257 alicuius
2764 2195 2945 2258 super

658 2278 807 2341 stitis
863 2294 1064 2341 nomen
1111 2281 1434 2361 inscriptum
1482 2299 1645 2361 esse,
1698 2282 1797 2344 aut
1838 2282 1893 2344 id
1936 2281 2159 2343 disertis
2216 2281 2400 2343 verbis
2442 2282 2643 2345 dictum
2688 2283 2783 2344 sit.
2880 2282 2960 2355 ln,

660 2484 944 2547 continere
985 2486 1198 2564 solent,
1257 2490 1352 2549 aut
1396 2490 1543 2548 certe
1587 2484 1859 2547 maximae
1902 2484 2095 2562 partiS.
2162 2483 2372 2546 Deinde
2418 2502 2625 2564 magna
2658 2486 2969 2563 figurarum

661 2587 914 2666 paucitas
956 2588 1012 2651 in
1057 2589 1147 2652 his
1179 2589 1516 2670 imaginibus
1560 2604 1695 2652 esse
1728 2576 1901 2650 solet:
1943 2587 2001 2649 at
2044 2584 2099 2648 in
2145 2602 2324 2653 coena
2364 2587 2579 2650 funebri
2622 2603 2969 2651 consessum

661 2691 1006 2767 trequentem
1061 2695 1426 2772 cognatorum
1481 2691 1839 2770 superstitum
1907 2689 2237 2766 requirimus
2268 2691 2390 2769 ⁷⁰).
2504 2689 2631 2750 Mihi
2678 2689 2823 2752 inter
2892 2693 2971 2752 tol

669 2789 884 2868 lapides
929 2793 1174 2857 Graecos
1220 2811 1428 2860 coenas
1474 2793 1797 2858 exhibentes
1840 2809 1950 2856 non
1976 2792 2331 2854 innotuerunt
2373 2792 2480 2852 nisi
2508 2791 2660 2871 duo,
2705 2793 2797 2870 qui
2846 2811 2969 2856 ma-

646 2890 782 2969 jore
809 2921 818 2932 ’
845 2896 1196 2960 coenantium
1263 2897 1571 2974 frequentia
1634 2896 1891 2975 insignes
1945 2896 2095 2957 sunt.
2205 2894 2447 2956 Alterius
2513 2895 2749 2974 effigiem
2818 2895 2971 2956 dedit

662 2995 881 3060 Clarae.
937 2999 1010 3076 pl.
1058 2999 1095 3060 l.
1147 2997 1284 3077 155,
1319 2996 1464 3064 290.
1554 2998 1667 3062 Viri
1712 2998 1842 3077 duo,
1908 2998 2044 3060 alter
2106 2997 2288 3058 aetate
2351 2997 2681 3074 provectior,
2732 2995 2970 3074 juvenis
3010 2999 3012 3014 ²

661 3096 822 3174 alter,
866 3099 921 3160 in
965 3100 1108 3162 lecto
1153 3101 1356 3164 cubant
1397 3106 1539 3164 ante
1572 3117 1853 3163 mensam:
1896 3098 1967 3160 ab
2014 3099 2248 3172 utroque
2292 3097 2459 3159 latere
2502 3097 2757 3160 assident
2804 3098 2971 3162 binae

665 3197 902 3260 feminae
967 3200 1181 3262 velatae
1234 3201 1448 3280 praeter
1507 3202 1723 3264 faciem.
1817 3198 2180 3280 Inscriptione
2222 3197 2500 3277 docemur,
2544 3200 2650 3262 hoc
2693 3201 2970 3264 Antoniae

670 3296 1034 3364 Philumenae
1089 3319 1223 3365 esse
1275 3305 1717 3366 monumentum.
1785 3300 2029 3364 Alterum
2078 3303 2258 3364 exstat
2312 3303 2365 3364 in
2413 3302 2611 3364 Museo
2655 3297 2969 3366 Veronensi

670 3399 841 3478 (Tab.
863 3397 966 3482 49,
1018 3400 1106 3476 l).
1193 3403 1314 3467 Sub
1360 3406 1585 3485 fastigio
1629 3405 1850 3468 duabus
1896 3403 2169 3466 columnis
2215 3403 2354 3468 tulto
2400 3404 2579 3466 lectus
2625 3405 2732 3481 est,
2774 3404 2970 3482 inquo

632 3499 778 3566 ·duo
832 3505 930 3566 viri
986 3505 1186 3569 cubant
1199 3527 1218 3586 3
1261 3507 1331 3569 ab
1376 3509 1610 3584 utroque
1666 3507 1834 3569 latere
1879 3521 2107 3568 mensae
2162 3506 2422 3586 singulae
2466 3505 2661 3567 sedent
2706 3506 2964 3567 feminae.

665 3706 818 3771 Quem
875 3705 938 3760 ad
975 3705 1131 3761 locum
1170 3707 1231 3762 cf.
1269 3707 1520 3780 Contcmpl
1595 3707 1684 3763 22.
1718 3737 1785 3747 —
1856 3703 1925 3762 cf.
1962 3708 2107 3762 etiam
2145 3699 2292 3762 Paus.
2330 3706 2410 3761 lib.
2449 3706 2514 3774 X,
2552 3709 2605 3774 4,
2644 3707 2691 3764 7.
2714 3697 2861 3759 Ἐστι
2904 3705 2967 3759 δὲ

667 3793 759 3858 τῆς
790 3793 1040 3851 Δαυλίας
1064 3787 1223 3865 χώρα
1260 3797 1571 3861 καλουμένη
1606 3795 1843 3863 Tonantis·
1876 3794 2125 3846 ἐνταῦθα
2160 3789 2343 3863 ἡρῷον
2371 3789 2698 3864 Ἀρχηγέτου
2730 3793 2969 3859 nanctu-

667 3895 773 3931 ται.
819 3874 918 3932 τὸν
967 3879 1030 3932 δὲ
1060 3875 1197 3952 “ἥρω
1247 3879 1441 3931 τοῦτον
1483 3875 1827 3938 Ξάνθιππον
1878 3876 1978 3931 οὐκ
2023 3876 2221 3948 ἀφανῆ
2263 3874 2331 3931 τὰ
2372 3877 2429 3938 ἐς
2472 3873 2744 3942 πόλεμον,
2800 3878 2856 3929 οἱ
2905 3877 2967 3930 δὲ

671 3965 878 4017 Φῶκον
913 3958 1056 4020 εἶναι
1090 3961 1188 4018 τὸν
1217 3962 1573 4036 Ὀρνυτίωνος
1616 3963 1711 4016 τοῦ
1746 3959 2004 4030 Σισύφου
2041 3968 2235 4033 φασίν.
2302 3964 2414 4034 ἔχει
2457 3951 2617 4017 δὀὖν
2651 3961 2747 4014 ἐπὶ
2784 3957 2967 4033 ἡμέρᾳ

671 4065 726 4102 τε
761 4045 912 4122 πάσῃ
955 4047 1144 4118 τιμὰς,
1190 4051 1283 4102 καὶ
1319 4042 1551 4118 ἄγοντες
1583 4050 1755 4121 ἱερεῖα
1793 4051 1847 4101 ot
1885 4052 2124 4112 Φωκεῖς,
2174 4045 2234 4101 τὸ
2269 4049 2377 4112 μὲν
2412 4042 2552 4120 αἷμα
2588 4045 2655 4098 15¹·
2696 4043 2837 4111 ὀπῆς
2872 4045 2967 4111 Sq-

659 4135 891 4207 χόουσίν
923 4134 979 4195 ἐς
1012 4131 1108 4190 τὸν
1141 4132 1344 4204 τάφον,
1381 4131 1446 4188 τὰ
1481 4135 1546 4189 δὲ
1582 4137 1715 4207 κρέα
1752 4129 1916 4206 ταύτῃ
1950 4139 2147 4204 σφίσιν
2182 4130 2431 4186 ἀναλοῦν
2467 4134 2821 4198 καθέστηκεν.

815 4233 884 4297 ⁷⁰)
919 4235 1046 4300 Quid
1079 4237 1208 4310 quod
1259 4239 1306 4293 in
1343 4237 1593 4294 nonnullis
1646 4237 1739 4290 nisi
1787 4237 1933 4291 unius
1984 4219 2174 4290 mortui'
2206 4233 2495 4290 accubantis
2518 4253 2529 4264 ·
2552 4231 2711 4304 figura
2762 4235 2965 4288 cernitur

672 4317 850 4374 nulla?
919 4315 970 4373 V.
1009 4319 1132 4377 Mus.
1169 4320 1338 4379 Veron.
1379 4326 1464 4391 m,
1505 4327 1552 4380 7.
1624 4322 1749 4378 clar.
1788 4323 1853 4395 pl.
1893 4323 2007 4386 160.
2039 4321 2165 4376 237.
2202 4319 2267 4392 pl.
2304 4319 2426 4386 250,
2466 4317 2585 4376 572.
